2604 4688
544 408 745 471 ..40..

147 553 251 652 liquis·
270 568 391 631 duobus
415 553 485 630 eum
516 570 623 651 sepelis
644 567 771 641 duobus
795 569 922 649 infimis,
945 570 1138 654 'petalisque

147 681 326 743 lateralibus
340 683 568 774 alternantibus.
597 681 653 768 (In
671 681 872 744 describendo
892 685 966 744 llore
986 685 1139 745 terminali

148 807 270 877 semper
288 796 344 856 llos
368 797 409 857 ita
429 797 634 876 collocandus,
656 811 691 856 nt
718 800 891 880 sepulcrum
910 809 1007 860 unum
1027 820 1141 882 supre-

148 928 235 970 mum
255 911 303 971 sit.
356 915 588 989 Leguminosas
612 911 808 975 sorsan'solas
830 912 1021 992 excipiamus.
1068 915 1141 973 Hoc

148 1043 211 1083 non
232 1024 331 1084 solum
358 1025 491 1106 analogia
509 1026 620 1094 florum
638 1027 806 1088 lateralium
826 1006 927 1107 jubet,
966 1024 1022 1087 sed
1043 1028 1142 1087 'etiam

148 1137 259 1217 positio
285 1137 391 1214 colycis
416 1140 447 1198 in
467 1138 647 1222 pedunculis
676 1140 883 1201 terminalibus
910 1145 981 1222 post
1000 1140 1047 1199 vel
1070 1153 1142 1200 ante

110 1285 112 1288 >
149 1249 371 1311 llorescentiam
402 1249 535 1313 deflexis.
599 1258 728 1315 Alsines
759 1257 882 1315 mediae
911 1252 1082 1335 pedunculi
1110 1255 1143 1314 in

147 1363 243 1424 latere
263 1365 349 1446 quod
380 1364 497 1427 dellexo
517 1365 692 1449 pedunculo
714 1369 877 1449 superius,
909 1367 1043 1451 pilorum
1062 1366 1142 1427 serie

149 1477 291 1538 instructi
311 1493 402 1557 sunt,
432 1496 463 1540 et
486 1503 556 1542 cnm
580 1482 660 1542 sorte
683 1479 834 1542 tetrandri
850 1495 922 1540 sunt
942 1470 1145 1558 llores,''sta-

148 1577 220 1651 men
244 1590 330 1672 quod
360 1593 461 1672 sepelo
495 1596 654 1676 superiori·
679 1596 903 1676 antepositum,
941 1613 1144 1674 suppressum

150 1689 232 1782 est.)
264 1705 342 1766 Cum
357 1694 483 1766 floribus
504 1711 682 1770 Caesareae
702 1713 831 1771 Alsines
850 1711 941 1780 llores
960 1728 1023 1767 non
1040 1697 1145 1769 solum

149 1817 254 1878 fructu
273 1819 399 1880 trimero
423 1823 616 1900 conveniunt,
631 1823 694 1884 sed
715 1824 804 1884 etiam
828 1821 974 1903 glandulis
994 1836 1065 1882 ante
1081 1836 1146 1884 sta-

147 1932 229 1992 mina
248 1932 386 2012 longiora
410 1935 526 2013 positis.
576 1937 685 1997 Nescio
711 1959 748 1998 an
773 1937 930 2017 glandulae
956 1935 1088 2010 haece,··'
1112 1936 1144 1994 ln

136 2041 296 2106 'Cerastio
333 2051 479 2121 aquatico
508 2049 602 2127 magis
632 2050 829 2129 conspicuae,
861 2067 985 2128 ¹organa
1015 2036 1144 2128 propria

147 2159 220 2236 sint,
243 2171 296 2218 aut
311 2174 414 2239 partes
433 2161 538 2240 organi
556 2156 743 2244 (staminis)
786 2161 919 2221 Stamina
931 2159 1040 2240 petalis
1055 2173 1163 2241 antc-¹

147 2272 247 2353 posita
276 2273 309 2332 in
339 2275 485 2334 Cercetio
512 2288 544 2335 et
572 2277 684 2336 Alsine
704 2275 740 2334 iis
768 2289 880 2334 carent
937 2276 973 2334 In
998 2269 1143 2335 Antaeis

149 2385 304 2466 glandulas
324 2407 382 2468 pro
405 2387 545 2469 partibus
559 2390 722 2451 staminum
740 2387 896 2465 haberem,
918 2406 1014 2467 quum
1039 2387 1139 2448 stami-

147 2499 240 2560 nibus
270 2499 478 2561 deficientibus
502 2521 565 2562 non
595 2496 728 2563 adsint.¹
765 2500 850 2580 Quid
883 2501 1140 2580 ingeniosissimus

147 2613 257 2674 Duum
285 2628 407 2676 censeat
427 2613 465 2674 de
485 2614 759 2696 hisceglandulis‚
787 2613 887 2675 videas
912 2617 943 2676 in
971 2618 1038 2696 ejus
1060 2629 1144 2676 trao-

149 2742 236 2790 tatu:
291 2731 554 2790 Considerations
578 2752 636 2792 sur
656 2733 691 2790 ln
719 2741 888 2790 natureae
912 2735 959 2790 les
986 2743 1141 2811 rapports

148 2845 189 2902 de
202 2847 428 2920 quelques-uns
446 2845 502 2902 des
520 2865 659 2921 argones
681 2844 719 2902 de
743 2846 894 2922 lajfleur.
912 2847 1007 2907 Ι1829.
1019 2863 1138 2926 -pag

150 2959 274 3038 seseq.

212 3053 327 3133 Omnes
347 3073 411 3154 jam
438 3073 647 3133 recensuimus
673 3071 790 3153 plantas
820 3090 898 3152 quae
924 3076 1142 3133 Geraniacea-

148 3207 223 3246 rum
242 3186 327 3248 classi
346 3181 604 3264 adnumerentur,
627 3159 759 3266 exeeptis
781 3188 982 3264 Magallana
1003 3200 1034 3246 et
1060 3189 1141 3250 Tro-

148 3304 245 3378 paeol
265 3345 271 3358 .
314 3304 547 3380 Magallanam
565 3303 771 3362 Cavanmnnsn
791 3318 893 3382 neque
909 3303 1018 3360 siccam
1039 3320 1141 3382 neque

150 3412 303 3496 depictam
323 3414 394 3480 vidi.
434 3418 462 3479 Ε
482 3414 706 3476 characteribus
729 3413 766 3473 ab
792 3414 831 3475 ill.
855 3413 1142 3476 Dncsnnouutoda-

149 3530 200 3607 tis,
218 3549 314 3609 genus
326 3529 420 3592 hocce
437 3551 621 3613 magnopere
640 3528 679 3589 ad
700 3531 913 3607 Tropaeolum
934 3525 1061 3587 accedit.
1090 3527 1140 3584 De

154 3647 350 3722 Tropaeolo,
390 3644 476 3727 quod
509 3645 627 3725 saepius
652 3645 753 3703 vivum
779 3642 963 3719 examinavi)
996 3640 1141 3702 nonnulla

152 3758 333 3819 observandi
354 3760 438 3819 locus
460 3760 508 3817 hic
529 3750 651 3819 videtur
670 3757 827 3819 idoneus..

213 3877 247 3933 ln
272 3876 488 3946 Geraniacec's‚
516 3892 589 3953 quas
604 3856 751 3931 hac‘tenus
775 3864 1024 3944 examinavimus,
1046 3869 1140 3928 verti-

154 3986 211 4044 cilli
244 3989 361 4048 llorales
388 3986 496 4066 singuli
528 4005 545 4044 e
575 3977 716 4066 partibus
745 3985 881 4067 quinque
918 3979 1139 4041 formabantur.
