2604 4688
543 406 587 461 σὲ.
626 401 665 463 16
704 431 746 520 7
812 392 815 397 ’

211 563 312 630 Cauiis
333 566 363 627 in
381 565 597 627 Batramt'neis
612 524 755 626 annitius
773 576 870 644 aeque
890 550 971 623 ae‘in
987 560 1139 642 oxalide,

151 683 312 759 Gerania,
346 681 561 756 Pelargom'o,
594 677 982 754 Erodio«Tropaeelaque
1001 675 1140 739 indeter-

150 794 280 854 minatus
304 807 366 872 eat,
388 807 419 853 et
437 805 596 874 praeterea
612 789 651 853 ad
672 789 772 852 nodos
789 787 875 875 valde
895 791 1054 869 tumescit,
1075 811 1140 874 qne

149 906 326 967 charactere
348 905 425 968 cauli
451 907 642 987 Peiargenit'
659 906 789 984 -gr’bbosi
813 903 931 968 thtn.
965 902 1068 965 similis
1092 904 1138 965 fit.

148 1024 271 1082 Lineas
292 1019 378 1081 caule
402 1017 605 1081 determinato
630 1017 764 1099 gaudere
782 1017 846 1098 jam
870 1015 1043 1079 observavit
1064 1018 1142 1079 arni·

150 1135 288 1195 sissimus
310 1148 416 1195 noster
443 1136 591 1212 Sestiana,
623 1133 676 1214 qui
699 1129 739 1191 de
765 1134 849 1191 Lino
873 1129 996 1211 egregie
1021 1131 1085 1211 egit
1107 1131 1141 1194 in

149 1251 316 1310 Ltnnaeaa
335 1248 402 1312 Vol.
425 1249 450 1307 I.
474 1268 506 1329 p.
527 1247 567 1308 66
591 1265 657 1328 seq.
678 1250 721 1294 ·'·‘·
772 1241 859 1304 Folia
874 1245 1142 1306 Batransnarwn

148 1362 301 1443 simplicia.
320 1375 352 1423 et
372 1362 511 1442 integra,
540 1359 719 1442 nunquam?
749 1355 946 1438 integerrima
967 1371 1040 1419 sunt
1060 1358 1142 1421 sieut

112 1445 116 1456 ’
149 1475 180 1534 tn
202 1479 302 1536 nno,
317 1509 359 1553 -.-
378 1474 511 1557 stipulas
531 1471 592 1535 vidi
606 1473 721 1552 nullas,
734 1469 790 1534 set
807 1471 839 1531 tn
852 1474 1047 1535 narsem
1061 1474 1141 1532 sor-

149 1593 234 1647 tenst‘
255 1607 352 1670 aeque
374 1607 409 1648 aa
430 1588 464 1648 in
486 1591 570 1650 Lino
586 1592 682 1663 flavo
704 1585 829 1670 aliisque
852 1584 1008 1668 glandulas
1027 1584 1142 1668 depre-

148 1697 311 1762 hendimus
338 1699 435 1782 duas,
474 1703 506 1763 in
536 1704 728 1784 Balsemine
756 1699 908 1762 maximas.
969 1697 1141 1762 Crederem

151 1815 307 1894 glandulas
327 1816 437 1894 hasce,
467 1823 546 1898 'quae
568 1818 601 1879 in
619 1819 811 1876 BaLsemina
828 1815 941 1874 sensim
954 1815 986 1875 in
1003 1829 1142 1878 serratu-

150 1948 199 1988 ras
225 1928 358 2007 abeunt,
397 1929 433 1988 iis
455 1905 566 1989 ¹Riet'm'
576 1971 589 2004 ,
624 1933 730 1990 Pruni
756 1928 944 2010 aliarumque
973 1928 1141 1990 multarum

148 2043 322 2125 plantarum
340 2043 472 2122 similes,
499 2044 660 2105 erulorum
684 2041 859 2105 rudimenta
888 2043 1005 2104 sistere.
1054 2044 1141 2105 Folia

149 2158 180 2219 in
205 2161 397 2220 Balsamina
420 2163 565 2219 hortensi
587 2160 629 2235 ita
659 2159 691 2218 in
721 2156 806 2218 caule
829 2156 994 2230 distributa
1015 2156 1076 2219 vidi
1103 2171 1141 2220 nt

149 2287 271 2334 sextum
290 2274 390 2353 primo
415 2274 644 2356 suprapositum
669 2272 730 2348 sit,
752 2271 839 2350 spira*
854 2270 1057 2351 plerumque,
1083 2291 1141 2331 ne-

149 2408 211 2469 que
237 2401 341 2446 tamen
362 2405 508 2465 semper,
539 2385 761 2444 sinistrorsum¹
786 2379 839 2465 (h.
865 2403 893 2444 e.
924 2404 942 2443 a
966 2381 1075 2444 dextra
1100 2381 1141 2444 ad

149 2493 333 2578 sinistram)
346 2510 440 2558 torta

186 2665 189 2674 ,
211 2615 281 2672 Jam
301 2610 399 2694 lenter
416 2608 564 2671 benevole
583 2609 673 2686 Tibi,
704 2631 782 2692 qnae
808 2610 888 2672 oculi
914 2611 975 2671 mei
992 2609 1140 2674 haetenus

150 2726 312 2805 viderunt,
334 2723 562 2787 communitati.
602 2727 652 2785 De
672 2721 793 2785 fruetus
804 2710 1017 2808 seminumque
1036 2724 1140 2794 indole

150 2862 229 2923 quae
246 2838 337 2901 hodia
356 2838 467 2901 addam
483 2839 546 2921 jam
563 2839 713 2920 cognitis,
733 2839 807 2901 nihil
827 2839 943 2919 habeo,
965 2839 1005 2900 de
1020 2839 1140 2920 iisdem,

150 2958 176 3015 ai
204 2956 304 3035 placet
327 2955 429 3014 forsan
457 2953 514 3015 alio
529 2968 669 3035 tempore
681 2967 881 3015 tractaturus.
924 2954 1142 3029 characterem

152 3067 290 3149 generis,
310 3079 364 3126 aut
385 3068 522 3145 simavis
533 3067 968 3148 familiaeBalsamt‘nearwn,
984 3089 1142 3153 propone*

150 3203 218 3244 rem
241 3184 441 3264 sequentems
1134 3221 1138 3249 ,

214 3298 321 3377 δαίμ
341 3294 477 3374 inferus,
497 3294 777 3378 eleutherosapalns
795 3274 992 3378 pentamerus
1013 3310 1068 3358 aut
1086 3294 1142 3358 ab·

153 3424 225 3470 ortu
240 3411 402 3488 trimerus,
423 3410 617 3492 irregularis,
639 3409 806 3491 desiduus,
827 3412 1021 3480 aestivationa
1035 3410 1144 3470 imbri·

152 3537 248 3584 satus.
290 3525 414 3603 Sepale
427 3527 491 3600 due
504 3527 615 3586 extima
632 3526 790 3607 opposita,
811 3525 963 3600 lateralia,
984 3522 1143 3602 auhasym-

151 3637 298 3716 metrica,
319 3638 513 3699 aestivatione
528 3639 648 3701 salvata
665 3653 697 3700 et
715 3637 812 3699 ealear
833 3651 953 3698 tantum
969 3637 1063 3720 sepeli
1084 3634 1143 3698 imss

151 3752 233 3833 paris
251 3753 429 3813 emittentia.
487 3754 640 3832 Sepnlttm
657 3760 766 3832 impar
788 3751 988 3830 ealearatum,
1008 3771 1144 3830 symme-

152 3865 284 3938 trieum,
314 3866 507 3929 aestivatione
532 3868 564 3928 in
584 3867 733 3929 alabastro
758 3868 917 3949 equitans,
944 3887 1031 3927 axem
1053 3865 1143 3929 inflo-
1201 3915 1203 3919 <

154 3979 321 4040 rescentiae
350 3981 477 4044 axillaris
504 4001 676 4045 racemosae
705 3995 759 4046 aut
781 3981 961 4047 umbeliatae
983 3995 1140 4063 spectans,
