2626 4688
551 387 754 456 ...lm-.-

160 557 290 640 carpella
307 551 369 618 duc
388 557 651 619 conformaverit.
693 556 859 637 Pericerpii
877 556 979 618 indole
998 574 1030 619 et
1044 575 1168 640 super--

160 656 228 733 sicia
247 674 430 749 Tropaeola
450 673 705 749 Matptgaiaeeis
716 670 865 731 'similiora
882 693 974 754 quam
995 678 1154 758 Gerania·

161 789 239 855 erin·
275 787 324 844 De
348 782 550 865 appendiculo
573 781 724 844 radiculae
743 786 959 866 verruculoso‚
981 789 1153 869 virescenti,

161 901 248 981 quasi
269 895 470 979 glanduloso,
489 900 632 980 legantur
651 912 682 958 et
696 897 859 976 videantur
874 921 960 983 quae·
971 901 1153 963 clarissimus

158 1013 218 1074 Ao·
238 1013 432 1073 Bnoncmsnr
447 1009 527 1071 'dixit
550 1025 582 1071 et
598 1011 716 1092 pinxit,
746 1014 776 1072 in
797 1017 1020 1088 „Recaerctes
1039 1037 1098 1077 sur
1118 1020 1154 1077 la

158 1123 350 1204 gdne‘ration
365 1138 397 1185 et
415 1128 444 1184 le
467 1121 724 1203 de'celoppement
745 1127 789 1184 dc·
805 1127 978 1209 l’embryon
1003 1129 1089 1189 dans
1106 1134 1164 1191 les'

158 1236 318 1318 v'e‘gdtaux
336 1244 605 1318 phanerogames.
635 1239 722 1301 1827.
755 1234 805 1320 (p.
838 1239 876 1302 76
900 1248 988 1322 seqq.
1012 1239 1074 1302 tab.
1102 1239 1153 1307 44.

159 1356 211 1436 li'g'.
233 1348 288 1434 2.)
309 1355 456 1414 Annales
478 1354 535 1411 des
559 1352 705 1412 Sciences
725 1354 902 1412 naturelles
923 1353 960 1412 Τ.
986 1355 1057 1414 ΧΠ.

180 1455 319 1529 ·'Semel
342 1466 498 1528 observavi
517 1465 625 1527 llorem
648 1467 821 1543 Tropaeoli
843 1466 1002 1544 majoris,
1034 1467 1066 1528 in
1089 1487 1152 1551 qim

159 1580 265 1642 lacinia
274 1581 405 1659 calyeina
426 1601 505 1663 quae
526 1580 686 1660 superiori
699 1577 739 1638 ad
764 1577 903 1639 dextram
924 1593 996 1660 stat,
1019 1599 1153 1663 superne
1218 1635 1223 1640 .

159 1710 248 1757 aucta
262 1709 294 1756 et
313 1693 445 1774 dilatata,
467 1695 591 1755 omnino
614 1694 742 1773 liguram
758 1691 955 1774 coloremque
975 1691 1076 1757 induit
1096 1716 1154 1777 pe-

157 1809 211 1873 tui
237 1810 405 1890 superioris
433 1828 496 1868 non
525 1805 685 1882 fimbriae,
715 1804 798 1865 uude
827 1804 883 1865 llos
912 1804 1011 1886 primo
1038 1808 1167 1870 intuitu
1221 1819 1227 1825 ’

156 1923 362 2007 Ιιειερεειειίιιει
380 1922 552 1985 videbatur.
607 1919 710 1981 Lateri
739 1917 876 1978 inferiori
906 1917 998 2000 hujus
1028 1920 1162 2011 laciniae

157 2028 253 2099 altera
274 2035 433 2115 adstabat,
464 2035 568 2097 forsan
592 2032 738 2094 divisione
769 2032 863 2113 sepeli
897 2033 1040 2095 normalis
1065 2049 1157 2117 orta,-

157 2152 263 2215 forsan
282 2152 469 2228 accessoria,
504 2169 583 2231 qnae
603 2147 717 2208 laciniis
744 2146 885 2227 legitimis
916 2147 1007 2228 paulo
1032 2163 1155 2212 tantum<

155 2267 356 2330 minoraret.
405 2265 492 2324 Inter
509 2261 587 2322 hanc
616 2277 648 2323 et
676 2262 812 2322 laciniam
834 2260 1037 2342 petaloideam
1065 2278 1154 2346 peta-

156 2381 223 2441 lum
234 2378 351 2454 deerat,
373 2375 456 2437 unde
471 2373 588 2454 eadem,
600 2376 631 2435 in
641 2379 831 2455 symmetria
850 2378 962 2454 floris,
974 2393 1044 2436 cum
1065 2390 1157 2456 peta·⁴

155 2491 260 2577 loidea
287 2492 408 2553 unicam
428 2503 548 2549 tantum
577 2488 784 2549 constituebat
807 2488 953 2549 laciniam.
1004 2488 1152 2573 Reliquae

155 2621 261 2690 partes
283 2607 323 2666 in'
336 2602 446 2665 eodem
467 2601 552 2662 flore·
567 2601 670 2685 quoad
693 2599 847 2681 indolem,
878 2602 1008 2663 formam
1035 2619 1067 2665 et
1090 2603 1162 2666 dis-s

156 2720 341 2803 positionem
373 2717 524 2778 normales
551 2730 648 2778 erant.
704 2717 839 2778 Stamina
868 2719 1010 2799 sequenti
1043 2718 1152 2781 ordine

158 2818 300 2896 antheras
328 2830 522 2914 aperiebant:
561 2837 631 2892 2et
656 2834 673 2896 7
702 2867 742 2879 -
773 2829 875 2893 setl
903 2849 944 2879 ’-
972 2835 987 2892 1
1011 2834 1082 2896 eto
1112 2869 1153 2883 -

108 2924 111 2931 Ι
161 2953 180 3008 3
208 2961 239 3007 et
264 2952 292 3007 8.
329 2942 399 3028 (Cs.
427 2947 564 3005 Commi
591 2947 744 3009 Scannesn
773 2949 835 3007 das
850 2948 936 3007 entd.
949 2951 1154 3010 'Geltcimniss

119 3124 128 3130 ,
160 3074 220 3124 ato.
236 3072 307 3142 pag.
326 3059 405 3137 216⁴,
427 3056 503 3118 Tab.
530 3059 597 3120 vn.
624 3059 674 3138 fig.
695 3059 785 3139 at).

177 3175 288 3243 JJam
306 3183 429 3251 autem,
451 3194 490 3233 ne
515 3172 702 3250 lectoribus,
725 3175 749 3233 si
773 3174 825 3254 qui
850 3170 931 3234 forte
955 3187 1065 3254 erunt,
1087 3189 1154 3238 tae-

156 3287 245 3353 dium
259 3304 409 3363 moveam,
429 3291 544 3369 paucis,
570 3308 648 3370 quae
669 3301 786 3347 restant
808 3285 949 3363 dicenda,
970 3287 1132 3351 absolvam.
1156 3310 1159 3316 ·

173 3410 187 3441 Γ
218 3402 356 3468 Vidimus
371 3408 588 3465 Geraniaceas
608 3423 713 3463 omnes
733 3404 764 3461 in
785 3422 915 3463 numero
936 3404 1154 3466 verticillorum
1196 3383 1198 3386 Ι

154 3519 308 3581 ssoralium
325 3520 486 3581 convenire
505 3533 538 3579 et
558 3520 590 3581 in
607 3536 716 3577 eorum
734 3515 809 3575 llore
827 3535 949 3595 semper
963 3530 1016 3576 aut
1035 3515 1160 3597 adesse,''

155 3646 212 3693 aut
232 3632 411 3693 statuendos
436 3652 501 3693 esse
531 3634 692 3696 verticillos
718 3653 787 3702 sex,
811 3649 944 3711 quorum
971 3645 1074 3712 partes
1105 3632 1158 3691 in-·

154 3742 256 3805 vicem
283 3744 442 3807 alternant.
492 3744 630 3808 Vidimus
657 3746 883 3806 aestivationem
912 3745 943 3804 in
975 3744 1030 3804 hae
1060 3746 1151 3807 classe

157 3835 261 3920 minus
284 3874 385 3921 certos
408 3859 597 3920 characteres
622 3861 791 3941 praebere,
825 3873 855 3919 et
878 3879 1009 3939 organa,
1044 3874 1152 3921 centro

154 3972 241 4034 floris
254 3975 416 4054 proxima,
444 3974 541 4055 prima
570 3973 667 4034 evolvi
692 3971 811 4056 (calyce
839 3972 903 4033 solo
930 3986 1068 4055 excepto,
1099 3974 1152 4054 qui

892 4086 909 4146 st
