2604 4688
544 357 745 421 *42-

150 520 271 583 duobus
289 520 499 603 superioribus
518 541 639 603 semper
655 522 828 604 perigynis,
850 520 1047 591 inferioribus
1065 522 1142 586 sub⁴

148 638 314 720 perigynis.
370 635 612 716 Glaudularum,
644 637 750 718 petalis
776 635 1017 718 staminibusqua
1043 637 1142 699 inter-

147 749 336 829 positarum,
358 770 455 832 aeque
475 771 509 810 ac
530 752 562 812 in
582 754 789 830 Pelargom'r's
812 751 894 812 nulla
917 748 979 810 vidi
1004 753 1141 832 vestigia.

150 863 265 940 Calycis
280 879 312 925 et
328 864 457 926 corollae
475 880 620 948 respectu
635 866 690 926 llos
711 865 858 927 hactenus
877 865 1001 926 omnino
1022 868 1144 927 Pelor-

149 982 321 1054 gom'aceus
356 977 459 1056 foret,
505 981 563 1041 nisi
584 981 616 1041 in
655 984 862 1059 Pelargom'is
885 980 982 1040 calcar
1018 979 1147 1062 pedum

151 1090 220 1150 culo
247 1089 392 1152 adnatum
411 1106 501 1156 esset.
535 1095 563 1155 E
586 1093 764 1156 staminibus
786 1109 857 1155 octo
881 1093 1071 1174 hypogynis‚
1095 1095 1147 1156 vix

152 1203 382 1285 monadelphis‚
404 1222 556 1290 quatuor,
578 1231 656 1292 quae
678 1209 790 1271 laciniis
811 1208 950 1287 calycinis
968 1207 1150 1269 ecalcaratis

152 1320 340 1400 anteposita,
368 1321 454 1402 prius
483 1323 657 1405 dehiscunt,
716 1325 849 1385 Stamina
881 1335 1014 1404 quatuor
1043 1321 1147 1385 serius

152 1430 340 1495 dehiscentia
356 1436 463 1516 petalis
478 1452 612 1519 quatuor
632 1437 841 1519 superioribus
858 1435 1034 1517 anteposita.
1078 1438 1149 1496 De:-

103 1598 109 1607 Χ
152 1563 225 1609 sunt
247 1550 341 1629 igitur
362 1552 489 1611 stamina
514 1550 597 1630 duo,
633 1571 766 1634 quorum
797 1569 894 1610 unum
920 1537 1056 1609 sortas'sis
1084 1549 1150 1610 cal-

154 1665 229 1723 caris
260 1663 434 1725 formationi
461 1664 646 1743 inserviens,
679 1664 809 1725 altarum
837 1663 939 1722 nescio
966 1682 1026 1743 qua
1054 1683 1150 1725 causa

153 1774 335 1856 impeditum
357 1777 520 1859 quominus
536 1777 675 1860 prodeat.
718 1777 852 1838 Stamina
866 1777 965 1837 omnia
982 1775 1047 1835 basi
1070 1796 1150 1838 con-

153 1891 238 1970 tigua
267 1890 327 1952 vidi
351 1905 383 1955 et
402 1891 518 1970 libera,
552 1913 653 1976 nequa
676 1907 761 1954 vacat
785 1892 870 1953 locus
893 1911 951 1972 pro
974 1890 1150 1954 deficienti-

152 2003 223 2064 bus.
277 2007 360 2065 Loco
395 2007 527 2067 staminis
556 2007 658 2090 sepalo
688 2007 834 2067 calcarato
863 2004 1025 2085 antepositi
1058 2002 1149 2066 adest

155 2115 264 2197 gibber
287 2118 518 2200 glandulosum‚
552 2121 600 2180 vix
623 2118 821 2192 distinctum3
852 2132 969 2179 stamen
998 2137 1149 2199 suppres-

154 2251 243 2311 sum,
281 2234 382 2313 petalo
409 2235 518 2315 quinto
546 2235 648 2296 infimo
678 2233 899 2314 antepositum,
934 2252 973 2292 na
1004 2231 1148 2311 glandula

155 2345 281 2428 quidem
302 2347 463 2429 indicatur.
504 2350 692 2411 Positionem
708 2347 881 2424 relativam,
904 2367 999 2428 acque
1019 2367 1054 2407 ac
1074 2368 1145 2408 evo-

155 2461 278 2521 lutionis
301 2461 462 2541 ordinem,
494 2465 606 2545 optime
635 2462 777 2524 indicavit
801 2460 1044 2521 accuratissimus
1066 2462 1145 2522 Con-

155 2589 250 2634 nanus
282 2575 433 2638 Soranum
459 2573 554 2661 (Das
586 2578 674 2647 entd,
702 2579 779 2643 Gen.
808 2589 867 2635 etc.
893 2594 961 2656 pag.
988 2575 1049 2637 215
1079 2594 1145 2656 seq.

155 2687 219 2750 tab.
239 2691 306 2753 VII.
331 2691 402 2772 figg.
422 2699 471 2755 20.
491 2697 540 2755 21.
561 2686 632 2772 22.)
658 2727 699 2740 --
752 2689 876 2749 Pollinis
903 2687 1027 2765 granula
1048 2687 1145 2748 multo

155 2803 320 2864 minutiora
337 2825 429 2886 quam
453 2806 587 2865 Gerania·
592 2847 605 2880 ,
634 2801 955 2882 rotundato-trigona,
983 2800 1144 2884 simplicia,

155 2915 268 2992 laevia,
291 2914 402 2996 glabra.
428 2912 602 3000 (Utriculus
617 2916 828 2998 triangularis,
850 2915 950 2977 fovilla
966 2918 998 2976 in
1013 2914 1147 2977 utriculo

156 3027 301 3090 nucleum
322 3029 416 3110 efficit
437 3027 677 3113 rotundatum.)
719 3035 746 3094 E
770 3032 906 3113 carpellis
926 3030 1023 3092 tribus
1049 3051 1148 3091 unum

157 3143 295 3206 videmus
315 3146 416 3226 sepaln
435 3147 582 3208 calcarato
597 3147 822 3229 antepositum,
855 3142 918 3206 duo
939 3143 1075 3226 petalum
1100 3145 1149 3205 iu·

157 3259 264 3320 fimum
273 3260 448 3340 spectantia.
490 3261 641 3321 Fructum
654 3261 754 3341 ipsum
770 3279 833 3320 non
847 3258 1028 3338 describam,
1051 3279 1150 3341 quum

158 3373 196 3438 ab
216 3374 422 3437 illustrissimis
437 3375 507 3436 viris
522 3377 749 3451 Dacauuomro,
768 3372 805 3433 A.
826 3395 864 3435 uu
882 3376 999 3436 Juasmu
1013 3386 1045 3434 et
1063 3373 1150 3435 Cau-

157 3511 297 3554 arssauus
312 3491 426 3572 optimc
444 3491 483 3552 sit
502 3489 677 3552 illustratus.
719 3488 817 3550 Aliter
828 3503 930 3550 autem
947 3507 1009 3547 non
1022 3507 1150 3568 possum

159 3607 234 3689 quin
259 3627 420 3688 quaeram,
450 3626 527 3667 anne
552 3606 655 3668 forsan
683 3606 872 3683 Tropaeolis
895 3600 992 3681 major
1016 3602 1149 3662 interce-

160 3719 213 3782 dat
230 3720 359 3783 alfinitas
384 3741 455 3780 cum
480 3722 709 3800 Sapindaceis,
731 3733 784 3778 aut
804 3717 910 3778 saltem
933 3719 1150 3794 Hippocasta-

159 3840 249 3915 nais,
271 3856 363 3920 quam
386 3855 456 3896 cum
482 3835 707 3895 Geraniaceis?
749 3832 882 3893 Stamina
908 3843 979 3888 octo
1003 3848 1074 3887 cum
1097 3848 1151 3887 co-

159 3948 234 4011 rolla
257 3951 447 4034 pentapctala
462 3952 492 4010 in
511 3949 593 4010 hisce
617 3947 731 4008 lamiliia
750 3945 836 4028 quasi
856 3943 1007 4020 legitima,
1032 3941 1151 4002 fructus
