2604 4688
491 417 755 480 ’-43-

148 568 283 654 trimeri3
305 574 410 636 loculis
428 574 589 638 biovuiatis
606 577 742 660 quidem,
763 577 819 638 sed
835 582 1009 642 maturitate
1025 584 1145 664 saepius

149 691 390 771 monospermis,
408 689 640 769 cotyiedonihus
654 693 772 771 crassis,
789 693 1062 755 conserruminatis.
1083 696 1146 756 uo·

149 803 190 864 lia
221 803 420 886 peltinervia,
462 806 580 888 longius
613 805 839 889 pedunculate3
872 809 904 868 in
933 808 1146 887 Sapindccceie

150 919 245 980 caulis
265 920 386 1001 saepius
406 921 562 1003 volubilis,
592 921 790 985 alternisolius
810 935 867 982 cet.
917 921 1022 982 Flotes
1040 923 1071 984 in
1089 921 1148 983 hac

151 1032 248 1094 classe
266 1035 387 1116 saepius
408 1036 497 1115 ssavi,
518 1037 762 1098 aureo-coccinei
785 1036 1017 1116 maurentium,
1046 1036 1147 1120 petala

150 1149 369 1230 unguiculeta,
392 1150 540 1213 fimbriata
560 1166 617 1212 etc.
638 1149 673 1229 1)
697 1185 738 1198 -
760 1152 842 1210 Haec
865 1151 966 1210 omnia
980 1151 1056 1212 mihi
1073 1172 1148 1234 peo-

209 1393 239 1442 1>
256 1392 306 1439 Via
321 1394 399 1438 audeo
414 1396 517 1442 classem
532 1395 743 1452 Meteigeieeemm
761 1405 915 1449 proponere,
937 1400 1058 1440 ettamen
1074 1391 1149 1439 aliter

156 1480 209 1515 noo
219 1481 319 1525 possum
329 1471 388 1527 quio
400 1471 541 1527 observem,
556 1473 731 1532 Maipighe'eeees
741 1482 852 1518 centrum
864 1471 932 1528 quasi
944 1470 1050 1518 formare
1061 1470 1148 1517 classis

158 1547 292 1608 nammis,
322 1558 347 1596 et
367 1548 513 1597 circumdati
533 1550 638 1597 familiis
663 1553 906 1610 Hippocrateeceerum,
933 1549 1148 1609 Erythrexyieemm,

153 1626 330 1682 marmenem,
349 1629 515 1685 serimentum,
531 1633 748 1689 He'ppocastaeeaesem
762 1641 787 1676 et
800 1631 990 1688 Sapiudeceerum.
1014 1626 1150 1675 Rbieebeleas

151 1717 204 1752 non
217 1708 286 1755 uoci.
302 1707 404 1754 Fructus
417 1707 441 1752 io
457 1709 587 1763 ammons,
603 1718 646 1755 aut
659 1709 783 1765 plerisque
797 1708 893 1764 saltem,
909 1706 1040 1762 trimerus‚
1056 1705 1150 1752 semine

151 1784 300 1842 plemmpue
314 1785 509 1834 exaluuminosa.
538 1788 648 1834 Stamina
662 1788 800 1844 petalumm
815 1799 917 1832 numero
932 1786 1026 1842 dupla,
1042 1785 1151 1841 pierum-
1212 1831 1215 1839 ,

126 1851 129 1855 ’
154 1874 201 1920 que
214 1864 260 1917 1⁰,
285 1877 349 1909 nunc
365 1866 451 1910 abortu
467 1866 592 1922 pauciora.
620 1866 747 1919 Quomodo
767 1864 852 1909 classis
874 1864 947 1916 huius
967 1865 1087 1909 naturales
1104 1875 1149 1908 nu·

151 1952 236 1988 marae
250 1941 365 1987 deoatius
376 1941 402 1987 in
414 1943 548 1990 ternarium
563 1946 716 2004 Hippocratae
729 1951 845 1996 neutetur,
861 1941 971 1989 videmus
986 1942 1012 1987 in
1027 1942 1151 1988 Bees'stere'e

150 2020 231 2067 m'lt'ata
250 2021 384 2073 (CAVAN.
398 2021 450 2069 diss.
476 2024 529 2068 Tae.
547 2021 599 2070 25²4.
613 2021 685 2079 ΕΜ
703 2032 727 2068 et
748 2023 790 2071 h.)
817 2021 846 2067 ln
869 2020 1027 2078 Polygeleerem
1047 2019 1149 2067 floribus

149 2098 233 2145 molta
246 2100 350 2145 redeunt
364 2110 425 2155 quae
439 2100 499 2146 haec
513 2099 599 2148 classis
614 2102 703 2148 obrect.
721 2103 835 2148 Summus
850 2100 1016 2148 ROBERTUS
1031 2098 1150 2147 BROWN

148 2175 273 2235 Polynieis
285 2175 368 2223 affines
382 2176 444 2225 dicit
460 2180 627 2234 Temenitem,
640 2193 656 2226 a
669 2193 709 2226 me
724 2180 832 2227 nondum
850 2180 925 2235 sisae.
955 2179 1061 2228 Vieieees's
1074 2181 1152 2224 Drese·

148 2259 247 2303 seceisve
269 2256 387 2314 Petsgalees
407 2256 488 2302 minus
510 2257 594 2304 affines
615 2260 702 2305 habeo.
732 2259 783 2304 Hae
810 2257 919 2304 familiae
935 2258 1034 2303 Cistinee's
1051 2255 1152 2313 propin·

151 2333 262 2390 quiores.
276 2356 306 2371 -
320 2338 419 2381 ,Acestem
430 2333 525 2383 fructus
539 2336 637 2394 saepius
649 2338 733 2383 addita
745 2336 817 2382 tertia
832 2346 909 2392 parte,
925 2337 956 2381 od
968 2345 1052 2392 typum
1064 2333 1151 2380 classis

150 2413 267 2460 redeunt.
288 2412 317 2458 111
332 2414 448 2470 Polygalee's
466 2427 496 2462 ex
511 2414 661 2462 ROBERTO
676 2414 797 2461 BROWN
812 2413 878 2460 idem
892 2414 1007 2460 occurrit.
1022 2414 1150 2461 caeterum

150 2495 241 2539 omnia
257 2491 319 2538 hoec
342 2492 423 2548 potius
441 2494 550 2550 discendi
568 2506 641 2551 quam
664 2493 767 2541 docendi
791 2494 893 2548 cupidus
916 2491 1017 2549 prouti.
1047 2491 1152 2550 Egregio

150 2578 262 2620 tractatu
276 2572 434 2629 Poiegelearem
445 2571 577 2634 familiam,
595 2584 609 2617 a
623 2584 720 2618 summo
734 2570 883 2618 ROBERTO
898 2570 1056 2619 BROWNIO
1071 2571 1152 2629 primo

151 2652 201 2698 site
214 2651 368 2707 expositam,
389 2651 489 2708 (general
500 2665 553 2696 rem.
569 2663 623 2707 pag.
637 2650 704 2702 343.)
724 2649 884 2696 commentati
906 2657 964 2695 sunt
987 2649 1035 2695 viti
1061 2649 1151 2696 eruditi

151 2728 323 2777 AUGUSTUS
341 2729 384 2774 DE
399 2729 639 2778 smus-titutum
661 2740 686 2777 et
704 2729 864 2776 ALFREDUS
882 2728 1153 2782 moseum-Tatium

152 2811 267 2862 (Psmier
280 2805 380 2854 ene‘moire
393 2824 429 2855 seer
442 2810 465 2855 le
476 2806 566 2865 semilis
580 2809 616 2855 des
628 2805 761 2868 Megalen,
780 2814 891 2858 conteeant
904 2807 941 2853 des
954 2806 1067 2854 recherches
1083 2821 1119 2852 sess
1131 2807 1154 2852 le

154 2881 253 2943 omittis
266 2886 292 2932 de
306 2887 361 2932 leurs
375 2901 459 2944 erganes
474 2911 503 2924 ·-
515 2887 556 2934 ies
577 2884 691 2936 Me‘mes'ree
709 2888 740 2934 du
757 2903 812 2935 mus.
833 2886 907 2935 etus.
926 2893 972 2933 seat.
997 2886 1056 2933 Vol.
1069 2885 1152 2932 XVII.

158 2976 215 3022 pez.
225 2963 354 3019 stt-37⁵,
369 2979 425 3012 cum
440 2966 531 3012 tabulis
546 2967 629 3013 aeneis
643 2965 760 3024 quinque,
775 2966 863 3018 1828.)
893 2964 965 3022 Fugit
977 2973 1058 3012 tamen
1073 2964 1154 3018 etudi-

160 3051 199 3093 tos
213 3053 325 3091 auctores
349 3044 486 3099 petalorum
503 3044 608 3090 duorum
622 3045 779 3100 rudimenta,
801 3043 989 3103 gibberiformia
1012 3047 1111 3100 quidem
1128 3052 1154 3091 et

154 3124 289 3170 admodum
306 3136 396 3180 parva,
415 3122 442 3169 iu
460 3122 555 3182 generis
574 3123 685 3182 Poiygeieee
702 3123 828 3181 speciebus
850 3123 996 3181 quibusdam
1015 3135 1152 3170 occurrere·

154 3201 298 3249 Praesentia
318 3201 445 3260 gibberum
466 3201 587 3257 istorum,
616 3215 691 3260 aeque
708 3215 736 3250 ac
753 3202 916 3260 dispositione
934 3200 1043 3260 partium
1060 3200 1154 3258 calycie

154 3289 184 3330 et
195 3282 320 3334 corollae,
340 3280 367 3326 in
384 3281 499 3328 omnibus
516 3282 631 3341 Pebgaies's
646 3283 749 3337 eadem,
768 3281 902 3341 probatur.
924 3281 1045 3327 cocullam
1065 3279 1154 3339 Peiyge·

154 3362 228 3409 mese
239 3361 361 3420 plenosque
376 3358 449 3405 meme
467 3360 594 3408 trimeram
608 3375 679 3418 esse,
699 3372 724 3410 et
739 3369 851 3408 naturam
867 3360 976 3418 quinque
984 3373 1099 3420 procreasse
1113 3371 1156 3415 pe·

156 3439 225 3494 tale,
254 3451 333 3496 neque
354 3441 435 3486 solum
455 3439 511 3485 tria.
539 3441 671 3489 character
691 3439 769 3500 igitur
787 3440 914 3496 gesericus
930 3440 960 3485 ab
981 3437 1021 3485 itt.
1037 3437 1154 3484 nectu-

154 3517 275 3565 nocuo
290 3517 316 3563 iu
330 3519 438 3565 ttedreme
448 3517 590 3573 exhibitus,
611 3518 700 3571 (Prode.
716 3521 737 3567 1.
749 3534 776 3578 p.
789 3519 849 3570 ³21>
864 3520 960 3573 bonus,
977 3526 1056 3573 neque
1069 3528 1083 3562 s
1097 3526 1155 3560 con·

156 3595 259 3644 fusione
272 3597 419 3655 Polygaiarem
433 3610 488 3643 cum
503 3597 629 3655 speciebus
644 3598 797 3651 Semridecm
816 3597 935 3643 Moesicae
949 3603 992 3641 aut
1005 3595 1154 3654 Cemeepermae

155 3673 188 3723 tis
205 3684 292 3730 ortus,
311 3675 349 3722 uti
367 3685 466 3723 censent
482 3675 519 3722 iil.
537 3677 612 3724 AUG.
629 3677 670 3723 DE
689 3676 737 3723 ST.
752 3675 883 3722 nmmum
898 3683 923 3722 et
938 3672 1155 3726 Momm-Tau-

155 3755 234 3804 DOU.
261 3754 413 3811 Magnopere
434 3755 505 3802 uobis
527 3765 565 3802 est
586 3755 720 3802 cauendum
742 3767 772 3800 oe
789 3755 811 3801 si
832 3754 880 3811 ipsi
902 3766 952 3800 tem
969 3753 1090 3810 qteandam
1104 3764 1154 3798 noo

156 3833 282 3888 vidimus,
299 3846 352 3881 eam
367 3835 468 3880 omnino
479 3846 527 3879 oon
539 3832 643 3881 existere
654 3835 842 3890 proclamemus.
860 3836 986 3884 caeterum
997 3832 1047 3884 iam
1062 3839 1154 3879 aestate

157 3912 218 3960 euni
234 3911 294 3960 1824
313 3912 481 3969 symmetriam
502 3909 590 3957 florum
614 3913 726 3971 rebgeieee
740 3913 850 3970 sequenti
865 3913 938 3957 modo
953 3909 1073 3966 exposuit
1093 3914 1154 3963 (be-
1213 3964 1216 3970 ,

158 3993 229 4055 zeph.
244 4005 301 4050 pag.
313 3989 354 4045 st.
367 3990 392 4037 io
407 3995 491 4043 octa.)
506 3991 598 4048 „Aliter
612 3991 676 4040 haud
692 4005 792 4050 possum
808 3990 867 4047 quio
881 3989 921 4036 hic
940 3988 1028 4036 addam
1043 3991 1155 4038 observa·
