2604 4688
641 406 683 428 ,-
724 370 763 465 614
805 406 845 424 s..

241 535 392 597 Constant
415 535 497 595 euim
512 555 528 595 e
554 534 668 597 cellulis
689 542 707 598 3
722 534 795 597 -4
811 533 1014 620 pluribusque
1030 543 1245 626 suprapositis·

240 651 334 732 Septa
362 649 483 712 fructus
526 651 704 712 tenuissima
731 648 874 734 quidem,
912 653 1107 716 nihilominus
1140 672 1246 720 tamen

240 766 384 861 constant
405 787 422 827 e
443 765 561 828 laminis
589 764 730 845 duabus,
764 763 1019 848 epidermoideis,
1034 775 1130 852 'quae
1157 773 1247 835 lami-

239 876 316 960 nae,
339 881 370 942 in
395 881 461 943 viva
473 880 596 962 planta,
619 880 758 943 facillime
781 879 1000 963 sejungendae.
1043 884 1171 969 Singula
1200 886 1247 948 la·

237 996 321 1057 mina
345 1016 382 1056 ex
400 997 490 1056 unica
514 972 693 1057 cellularum
716 996 794 1057 serie
822 1009 952 1058 constat,
995 997 1129 1061 Cellulae
1155 1001 1246 1062 elon-

240 1125 326 1192 gatae
356 1108 607 1192 marginibusque
647 1111 736 1193 quasi
770 1109 1108 1194 meruleto-dentatae,
1155 1114 1244 1176 unde

236 1223 346 1311 lineae,
371 1240 538 1308 quae‘rete
561 1225 710 1305 efficiunt,
725 1225 946 1294 moniliformes
968 1224 1124 1288 videntur.
1147 1228 1246 1311 Septa

237 1336 313 1400 haec
331 1341 577 1419 Crucifhrarum
591 1341 685 1424 septis
700 1339 836 1429 quodam
852 1355 996 1424 respectu
1012 1341 1139 1422 analoga
1155 1357 1244 1422 sunt,

237 1454 270 1516 et
284 1454 387 1516 uullus
406 1453 517 1518 dubito
536 1457 612 1539 quin
632 1455 746 1518 horum
763 1452 882 1516 indoles
905 1476 922 1514 e
937 1457 1150 1518 Balsmninae
1168 1476 1245 1540 sep-

235 1570 276 1630 tis
298 1567 443 1630 illustrari
461 1572 567 1651 possit.
611 1572 729 1631 Tamen
749 1570 781 1630 in
803 1542 840 1631 eo
855 1577 1051 1653 'magnopere
1074 1569 1243 1653 differunt,

236 1681 325 1766 quod
352 1705 369 1744 a
397 1685 520 1746 valvulis
546 1683 587 1745 ad
610 1685 803 1767 receptacula
833 1685 985 1746 seminum
1012 1690 1143 1746 connata
1168 1700 1239 1748 ten-

235 1795 335 1878 dunt,
368 1795 488 1881 (igitur
505 1800 599 1884 septis
627 1798 830 1881 comparanda
855 1820 934 1883 quae
956 1800 1244 1882 epericarpiorum

234 1913 358 1976 valvulis
381 1913 552 1976 introflelsis
574 1907 758 1993 formantur,
777 1913 877 1996 qualia
890 1916 933 1978 fin
949 1917 1051 1994 Lino,
1072 1917 1242 1996 Hyperico

234 2027 361 2110 aliisque
374 2027 541 2109 videmus)
563 2049 664 2111 neque
684 2029 766 2089 inter
783 2029 976 2112 receptacula
992 2026 1158 2108 distantia,
1179 2029 1239 2091 veli

234 2139 394 2222 adinstar,
416 2141 646 2204 distenduntur.
686 2143 821 2204 Fructus
838 2145 1049 2205 Balsaminae
1071 2144 1098 2204 si
1117 2163 1240 2226 paren·

233 2255 375 2336 chymate
387 2251 503 2340 aquoso
513 2259 699 2340 repleretur,
710 2256 1090 2321 baccamAurantiaceam
1096 2258 1234 2323 sisteret.

245 2410 248 2417 ·
293 2374 416 2435 Semina
443 2375 475 2435 in
500 2375 708 2457 receptaculo·
722 2373 870 2454 centrali,
902 2372 1142 2454 ereceptaculis
1160 2393 1235 2454 par-

231 2487 355 2548 tialibus
380 2489 517 2570 quinque
535 2503 714 2568 constante,
736 2491 778 2549 ita
797 2487 957 2572 pendent,
985 2501 1022 2547 ut
1041 2484 1233 2566 cotyledonis

184 2587 186 2590 ’
231 2602 280 2662 axi
312 2601 432 2664 fructus
456 2605 656 2665 accumbant.
708 2605 858 2665 Torsione
890 2601 1018 2662 funiculi
1053 2600 1236 2667 umbilicalis

231 2718 310 2780 liunt
328 2719 552 2782 incumbentes.
602 2711 783 2781 Membrana
802 2717 954 2788 seminum
971 2714 1099 2798 quidem
1114 2717 1247 2778 tenuis-'

230 2833 306 2892 sima
325 2847 389 2912 est,
405 2832 547 2895 'attamen
569 2854 586 2892 e
611 2834 713 2893 stratis
741 2832 925 2920 cellularuni'
939 2819 1081 2910 pluribus
1099 2840 1242 2889 constat.¹

230 2948 354 3010 Semina
376 2952 587 3010 Balsamince
603 2942 998 3009 maturescentia‘eundem
1015 2941 1162 3005 exhibent
1178 2961 1237 3003 co-

228 3064 350 3143 lorem,
396 3083 490 3148 quem
522 3065 553 3125 iu
577 3045 657 3124 testa
690 3063 841 3124 seminum
872 3060 1050 3119 Oxalidum
1078 3053 1235 3119 videmus.

234 3180 358 3242 Volcae
382 3178 502 3241 fructus
522 3179 707 3261 plerumque
730 3196 836 3238 omnes
862 3172 1041 3251 cohaerent,
1068 3171 1110 3233 ita
1127 3185 1238 3234 tamen

228 3307 267 3355 ut
290 3294 390 3375 apices
413 3309 444 3355 et
469 3265 558 3355 bases
579 3294 692 3354 liberae
716 3293 785 3352 sint.
842 3285 892 3369 Ab
913 3288 997 3370 apice
1016 3286 1057 3349 ad
1073 3285 1164 3348 basin
1186 3287 1246 3349 in·-

225 3423 349 3470 'morsus
369 3407 535 3470 volvuntur
550 3400 802 3492 (involvuntur),
825 3404 867 3463 ita
892 3409 930 3464 ut
954 3421 1078 3464 manum
1099 3400 1238 3463 clausam

228 3518 398 3586 imitentur.
858 3512 862 3519 ⁸
1058 3526 1061 3531 '

288 3639 359 3699 Jam
374 3653 478 3700 autem
501 3639 600 3700 lector
618 3636 787 3712 benevole,
808 3655 848 3695 ne
867 3631 979 3695 abutar
992 3631 1141 3713 patientia
1162 3614 1234 3710 tua,

229 3749 370 3814 dextram
393 3773 493 3815 meam
513 3752 662 3814 claudam.
704 3751 821 3831 Valeas,
843 3766 936 3835 atque
960 3748 986 3810 si
1006 3747 1088 3812 forte
1104 3748 1234 3811 meliora

228 3865 333 3949 habes,
358 3869 483 3932 meliora
506 3889 555 3931 me
582 3868 722 3930 edoceas.

494 4064 496 4068 ⁴
517 4067 1029 4097 „m
