2604 4688
550 333 814 400 -52-.

156 520 217 582 que
240 498 288 558 vix
307 494 416 555 lamilia
435 493 605 576 polyperala
619 493 716 574 magis
737 490 833 552 affinis
853 492 893 552 sit
906 490 1146 569 Balsamlneis'5

148 614 195 674 ‘nil
218 611 290 672 mihi
315 608 463 691 impedire
490 606 629 686 videtur,
655 608 817 689 quominus
833 604 945 668 diuhus
965 606 1025 671 sub
1046 611 1159 668 Gara:-

107 745 112 753 '
153 733 341 787 niocearum
358 722 449 802 signis
472 720 590 781 militet.
613 721 713 782 Statui
734 721 836 783 forsan
855 734 977 805 posset,
998 721 1148 782 Naturam

153 844 379 902 Balsamineas
398 855 574 915 procreasse
598 832 724 916 quidem
745 837 978 910 Geraniaceas,
999 831 1147 894 demsisse

154 967 257 1012 autem
277 947 439 1011 verticillos
454 947 573 1011 florales
593 946 670 1010 duos
690 923 877 1026 exteriores,
899 968 1000 1030 nequo
1018 949 1050 1011 vi
1067 947 1148 1010 vitali

153 1080 185 1125 et
208 1061 374 1124 formatrici
391 1065 672 1124 Balsaminearum
689 1055 772 1122 aliud
789 1058 946 1143 quidpiam
962 1062 1149 1144 suppetisse,

152 1175 236 1237 unde
260 1174 392 1251 calycem
412 1190 443 1236 et
466 1175 609 1236 corollam
632 1175 797 1253 formaret,
821 1196 855 1234 ac
880 1174 1043 1268 verticillos
1068 1171 1154 1236 duos-

153 1290 256 1374 quiin
276 1293 483 1352 Geroniaceis
506 1291 585 1352 veris
605 1289 732 1350 stamina
754 1288 904 1349 exteriora
927 1287 1149 1371 glandulasque

150 1419 340 1486 procreant«
365 1404 448 1464 Haec
470 1402 647 1484 hypothesis
664 1400 893 1484 quodammodo
913 1402 1151 1464 confirmaretur

151 1516 253 1607 indole
277 1514 453 1599 glandulosa
479 1516 525 1577 vel
555 1516 663 1578 callosa
684 1506 877 1597 petalorum,
909 1536 1006 1599 aeque
1028 1537 1065 1576 ac
1088 1517 1151 1578 cal-

153 1634 235 1708 cari,
273 1650 335 1711 quo
361 1629 498 1711 sepulum
520 1631 616 1710 impar
641 1651 762 1714 semper
783 1631 968 1691 instructum
988 1602 1151 1712 videmus,

128 1741 130 1744 ’
152 1742 381 1827 calcaribnsque
401 1763 479 1827 quae
497 1742 654 1805 interdum
671 1747 702 1805 in
722 1748 916 1807 salsamina
932 1748 1082 1805 hortensi
1099 1765 1151 1806 so·

150 1856 224 1941 palis
238 1858 410 1918 accessoriis
423 1858 598 1939 adveniunt,
613 1856 696 1920 unde
707 1859 764 1921 llos
775 1859 981 1920 tricalcaratus
992 1857 1150 1922 evadit.-

152 1974 316 2033 Caeterum
341 1971 425 2033 haud
451 1974 565 2052 nescio,
594 1994 758 2051 numerum
778 1973 996 2033 verticillornm
1010 1972 1098 2053 {loris
1116 1975 1149 2054 in

152 2082 261 2144 eadem
282 2084 391 2146 familia
412 2105 475 2146 non
491 2081 612 2170 semper
635 2086 775 2153 omnihus
798 2085 961 2167 generibus
982 2106 1050 2148 esso
1070 2108 1151 2151 eun-

152 2195 233 2261 dem.

212 2311 307 2392 Quod
338 2318 546 2377 Balsaminae
578 2318 739 2374 hortensis
769 2332 866 2394 aeque
899 2332 933 2372 ac
973 2315 1147 2393 Tropaeoli

150 2426 289 2504 majoris
312 2427 447 2489 indolem
468 2429 666 2489 anatomicam
692 2409 818 2504 attinet,
838 2425 968 2487 sufficiat
988 2425 1140 2504 indicare,

150 2539 301 2603 Krnsrnun
316 2539 379 2620 jam
406 2540 547 2602 dehisce
570 2539 801 2621 vegetabilibus,
824 2560 901 2621 quae
926 2541 1021 2621 magis
1045 2555 1147 2603 atten-

150 2653 233 2714 tione
261 2652 351 2736 digna
380 2654 580 2735 videbantur,
613 2654 713 2715 verbis
739 2638 889 2734 io'oneque
913 2650 1073 2715 indicasse.
1111 2652 1146 2734 ¹)
1175 2720 1183 2731 ‚

149 2766 304 2848 Raphides
329 2789 391 2829 non
413 2770 512 2829 solum
534 2770 565 2828 in
587 2769 720 2829 authoris
745 2767 949 2850 offendimus,
972 2768 1029 2829 sed
1052 2769 1148 2829 etiam·

150 2881 182 2941 in
202 2882 296 2942 caule.
340 2882 529 2943 Clarissimus
539 2885 648 2945 Morou
662 2881 838 2963 nuperrime
851 2879 891 2941 de
904 2870 1043 2969 partibus
1059 2879 1144 2943 hisce

150 2995 272 3075 egregie
301 2997 441 3078 scripsit,
469 3010 627 3077 praeterea
661 2996 798 3059 tracheas
829 2994 998 3077 peculiares
1026 2999 1147 3058 Balsa·

150 3113 276 3185 minae,
314 3129 410 3192 aeque
443 3130 476 3170 ac
510 3110 654 3173 Krnsnnns
686 3109 965 3193 ingeniosissimus,
1004 3109 1145 3172 iconibus

87 3201 90 3207 ³
147 3221 313 3282 illustrans.
334 3217 363 3302 2)

204 3464 234 3514 1)
257 3463 372 3514 KlESER
390 3467 521 3525 Grundziige
536 3468 573 3514 der
593 3471 714 3514 Anatomie
733 3468 770 3514 der
789 3463 905 3522 Pflaoeen.
921 3463 985 3514 1315.
1013 3487 1042 3503 -·
1068 3466 1144 3522 asma.

149 3539 256 3590 Mc'moirc
268 3558 303 3589 sur
316 3544 476 3601 l'orgaenisaticn
489 3548 522 3593 des
535 3547 619 3605 plantes
643 3544 710 3592 1814.

204 3620 237 3672 2)
248 3621 375 3680 MEYEN,
392 3625 530 3680 rhysoromie.
547 3623 613 3672 183⁰.
