2604 4688
630 418 673 441 ..r
712 392 833 456 30..-

239 553 309 622 dam
352 550 624 620 Gcrcm‘cc'ec'rum
662 573 744 616 oum*
759 549 1013 619 Bettnertaceas?
1066 536 1246 622 Glandnlis'

236 691 312 738 tuno
332 673 459 734 stamina
472 670 603 749 sterilia,
624 669 731 750 petalis
748 671 880 751 alterna,
902 645 1229 755 analogevlllcremue.

236 788 274 850 In
296 784 538 850 Commersonla
556 784 684 844 stamina
702 783 838 866 quinque
858 782 985 864 fertilia,
1005 782 1114 847 decem
1134 767 1231 847 steri-

236 901 276 964 lia
300 901 451 964 fililormia
474 913 529 959 aut
558 896 745 980 spathulata‚
778 912 809 958 et
836 900 973 982 quinque
997 914 1051 961 aut
1080 900 1233 980 lingulata

238 1017 370 1092 obtusa,
393 1028 446 1074 aut
465 1012 614 1073 fililormia
642 1009 832 1094 spathulate.
854 1011 867 1098 (
878 1015 1085 1094 Conseruntur
1110 1015 1232 1094 figurae

238 1129 443 1192 exactissimae
476 1129 733 1190 Comncersoniae
756 1128 993 1189 Gaudt'clcaudll
1025 1142 1058 1188 et
1088 1130 1234 1188 Fraseri

234 1245 272 1304 *in
291 1234 507 1303 accuratissimi
533 1241 601 1300 Gar
627 1241 837 1320 „Fragment
864 1245 956 1304 d'une
986 1244 1241 1328 Monograpbie·

238 1358 296 1416 des
317 1359 427 1417 orales
455 1349 703 1415 Buuneriacdes.
744 1357 836 1417 Mem.
862 1354 905 1416 du
929 1358 1010 1418 Mus.
1037 1355 1140 1417 d’hist.
1164 1369 1233 1418 nat.
1254 1340 1276 1366 ⁷

236 1470 304 1535 vol.
327 1471 368 1531 X.
393 1481 416 1528 t.
442 1465 480 1528 14
507 1481 539 1527 et
561 1469 608 1527 15.
664 1465 834 1530 videantur
869 1488 995 1552 quoque
1027 1469 1067 1531 ill.
1098 1471 1235 1532 Kuurun

237 1587 450 1661 Matcaceae,
470 1584 733 1656 Brittnerc'aceae,
757 1580 937 1658 Tiliaceae,
958 1603 1055 1665 aeque
1077 1602 1110 1643 ac
1132 1583 1234 1646 illust.

237 1695 276 1758 A.
293 1717 332 1758 ue
357 1697 409 1757 Sr.
431 1695 558 1756 Hereum
581 1699 663 1771 flor.
690 1696 785 1755 Brut.
805 1697 919 1755 merid.
950 1698 976 1756 L
1008 1716 1039 1778 p.
1074 1699 1131 1758 138
1164 1718 1235 1781 seq.

238 1813 342 1893 ejusd.
361 1814 494 1891 plantes
509 1831 556 1871 us.
579 1812 636 1870 des
652 1813 748 1874 Brac.
767 1807 829 1870 tab.
852 1806 901 1870 48.
925 1784 1049 1892 dh.)
1083 1813 1120 1872 In
1142 1813 1238 1874 Gua-

237 1945 333 1988 auma
348 1923 475 1986 stamina
490 1924 599 1985 fertilia
617 1922 809 2006 quindecim,
831 1924 862 1985 iu
876 1923 1036 1986 fasciculos
1051 1939 1115 1987 tres
1132 1927 1239 1988 triana

199 2033 207 2044 '¹
239 2039 333 2117 dros,
363 2058 434 2100 cum
459 2038 636 2098 staminibus
664 2037 818 2098 sterilibus
835 2039 1053 2119 alternantes,
1090 2013 1234 2103 connata.

239 2151 325 2232 Quid
343 2151 385 2212 ihi
404 2152 536 2213 fasciculi
551 2152 685 2233 pilorum
704 2154 861 2235 quinque,
883 2174 953 2214 cum
971 2153 1077 2237 petalis
1098 2155 1235 2216 alterni?

238 2265 417 2332 Doleudum
446 2282 586 2329 auctores
618 2267 734 2346 varios,
771 2264 886 2349 quide
911 2270 1149 2330 Buctneriaceis
1166 2285 1235 2331 tam

239 2384 362 2466 egregie
385 2384 590 2464 scripserunt,
612 2383 712 2442 minus
737 2402 830 2464 quam
854 2381 946 2443 hodie
969 2383 1012 2444 las
1036 2399 1082 2444 est
1107 2382 1137 2444 iu
1162 2405 1230 2446 exa—

239 2495 390 2559 minandis
421 2496 586 2576 generibus
622 2495 900 2576 metamorphosem
935 2510 1107 2578 typumque
1140 2498 1232 2558 flora·

239 2610 300 2672 lem
314 2612 491 2693 respexisse.
535 2612 658 2694 Optime
679 2610 781 2671 forsan
799 2608 1033 2671 illustrabuntur
1048 2630 1146 2670 variae
1167 2610 1236 2672 sor-

240 2744 306 2787 mae
326 2724 395 2786 tubi
415 2725 595 2786 staminileri
610 2725 772 2806 generibus
788 2723 1016 2803 elegantissimis
1041 2727 1233 2803 Pterosper-

239 2861 291 2900 mo
309 2853 341 2900 et
363 2843 541 2899 Troclretc‘a.
564 2834 693 2919 (Videas
710 2838 902 2899 illustrissimi
912 2839 1124 2900 uuCtuuouuu
1141 2838 1235 2912 „Me-

239 2954 336 3014 moire
362 2972 416 3012 sur
437 2951 587 3033 quelques
610 2972 720 3032 genres
741 2971 901 3013 nouveaux
928 2948 967 3013 dc
991 2952 1020 3012 la
1040 2948 1150 3012 familie
1176 2948 1234 3012 des

239 3064 476 3128 Biittnoriacles.
496 3064 580 3127 tabb.
604 3068 632 3129 7.
658 3070 686 3127 8.
706 3066 775 3146 9.).

299 3185 650 3262 Rhynchotlreoamuon
663 3182 735 3260 vidi,
757 3204 774 3243 e
796 3180 1023 3242 characteribus
1041 3180 1079 3240 ab
1097 3181 1236 3242 auctori-

238 3293 298 3356 bus
329 3294 406 3354 datis
430 3296 548 3357 recedit
572 3318 589 3358 a
615 3301 754 3359 Geranio
783 3296 895 3357 corolla
916 3296 1017 3373 nulla,
1050 3295 1233 3358 staminibus

239 3410 364 3490 liberis,
385 3411 464 3490 stylo
483 3410 661 3474 brevissimo
684 3409 911 3493 seminibusque
932 3407 1126 3491 glandulosis.
1182 3410 1235 3472 An

241 3526 400 3610 glandulae
420 3525 539 3604 adsint¹
561 3546 618 3586 uec
643 3547 681 3586 ue
693 3569 703 3605 ,
725 3527 843 3606 ignoro.

299 3641 372 3703 Flos
402 3631 560 3703 Linorum
580 3642 702 3702 omnino
732 3638 880 3720 regularis
907 3652 953 3700 est
978 3650 1010 3698 et
1037 3658 1055 3696 a
1079 3639 1235 3717 Geranio,

240 3755 341 3817 obiter
360 3756 466 3817 saltem
481 3770 637 3836 aspectus,
659 3755 779 3815 nonnisi
798 3754 923 3833 fructu,
944 3752 1077 3830 semine,
1100 3753 1238 3814 verticil-

191 3926 194 3933 ,
239 3867 336 3951 lisque
354 3868 545 3932 solummodo
563 3869 698 3950 quinque
710 3912 720 3947 ‚
741 3890 797 3929 nec
819 3889 891 3947 sex,
913 3865 1040 3929 recedit.
1084 3870 1237 3949 Calycem

239 3998 453 4066 pentamerum
471 3981 612 4065 sequitur
631 3981 742 4044 corolla
758 3980 968 4080 pentapetala,
990 3980 1098 4064 petalis
1120 3981 1236 4044 laciniis
