2604 4688
449 427 493 476 ··—·'
531 428 651 488 25-

63 597 162 654 Orehi
150 593 231 652 ideis
250 603 309 653 oet.
337 603 395 649 eet
387 632 415 668 ,
414 587 562 670 plantis
559 586 613 649 t'el
632 586 733 648 obiter
752 567 883 669 aspectis
897 584 1045 687 prodeat,

63 708 242 789 saepiusque
262 701 398 786 impigre
424 686 670 763 examinandum·
679 715 725 760 est
743 683 1046 784 eompara'ndumque

11 838 14 843 ’
62 835 98 881 ut
126 840 196 880 eum
215 816 451 903 prehendamus
505 815 654 896 Exemplo
672 815 733 876 sint
760 817 1046 896 Terebintbaeeae,
1101 836 1103 840 ’

63 936 306 1014 Paronyobiae,
323 907 613 1011 Euphordiaoeae,
637 931 854 991 Amentaeeae
880 943 938 990 oet.
981 932 1054 1008 Ty*

11 1066 13 1068 ·
60 1068 136 1131 pum
158 1048 296 1108 floralem
317 1045 492 1155 generalem·
507 1045 617 1104 norem
639 1031 744 1103 sistere
766 1044 957 1124 regularem,
979 1064 1051 1104 ere·

62 1160 212 1240 diderim,
233 1150 299 1222 tum
321 1162 393 1242 quta
402 1160 496 1239 longe
510 1177 607 1238 major
620 1176 690 1238 pars
712 1155 893 1218 familiarum
917 1156 1049 1218 floribus

62 1275 250 1375 regularibus
275 1262 404 1354 gaudet,
428 1268 550 1352 ¹)tum
572 1270 643 1352 quia
664 1255 761 1330 multo
780 1268 971 1351 frequentius
988 1290 1048 1330 ·-oo

60 1390 159 1448 currit
169 1385 287 1448 reditus
298 1385 338 1446 ad
349 1384 555 1464 symmetriam
569 1383 723 1443 abnormis
738 1378 939 1464 (Peloriae'),
954 1392 1046 1465 quam

62 1501 269 1562 aberrationes
288 1501 449 1561 abnormes
464 1499 501 1559 ab
521 1484 642 1558 eadem
645 1497 828 1574 symmetria
851 1481 931 1558 Sunt
945 1494 1049 1557 autem

60 1616 188 1676 familiae
203 1614 315 1697 quibus
329 1614 424 1675 flores
437 1613 610 1694 irregularis
624 1611 774 1672 normales
790 1625 863 1672 sunt
880 1609 1047 1691 (natam-

60 1735 208 1805 tbaeeae,
230 1731 385 1790 Labiatae
393 1773 406 1805 ,
427 1725 523 1807 oet).
551 1728 643 1789 Hisce
670 1726 853 1808 plerumque
875 1708 1049 1787 caeleste-5

62 1842 335 1922 florescentiaeque
363 1855 436 1900 suut
461 1828 696 1900 indeterminati.
749 1841 865 1899 Contra
893 1835 999 1901 flores
1016 1841 1053 1904 itt¹

61 1955 197 2014 caulibus
221 1953 516 2034 infloreseentiisque
534 1943 700 2013 terminatis
723 1950 788 2012 lere
811 1973 933 2033 semper
954 1960 1049 2035 regu-

59 2069 155 2146 lares,
183 2083 216 2128 et
232 2053 334 2149 quum
352 2066 433 2126 forte
456 2067 488 2126 in
509 2070 655 2128 Linarit's
664 2109 677 2143 ,
694 2069 854 2127 'satiatis
875 2054 1049 2150 Corydona

59 2183 174 2258 busque
193 2184 342 2241 Pelorioe
360 2196 548 2260 occurrunt,
569 2202 691 2264 semper
710 2166 762 2241 aut
782 2182 955 2242 terminales
975 2196 1049 2246 sunt

59 2296 89 2354 in
107 2295 348 2373 infloresoeutia',
369 2309 421 2356 aut
440 2295 629 2376 longioribus
650 2294 756 2353 saltem
773 2290 907 2352 insident
926 2282 1049 2374 pedion-¹

60 2409 134 2469 culis
157 2401 340 2470 lateralibus.
369 2390 401 2488 ²)
420 2422 424 2429 ’
443 2410 475 2469 Si
494 2406 579 2468 dubii
600 2405 769 2484 haeremus,
793 2419 899 2465 utrum
921 2404 1049 2468 familiae

61 2522 181 2581 cuidam
209 2525 270 2583 sint
287 2520 446 2586 tribuendi
476 2522 569 2582 flores
597 2520 765 2600 regulares,
786 2518 942 2581 videamus
972 2534 1047 2604 prae

61 2635 170 2694 ceteris
188 2656 204 2694 e
225 2651 303 2717 quot
324 2636 461 2718 carpellis
478 2624 598 2695 constet
615 2632 757 2711 fruetus,
779 2633 936 2714 quomodo
954 2635 1049 2697 flores

59 2747 214 2809 distributi
231 2750 341 2812 sint'in
354 2751 480 2832 planta,
501 2768 650 2832 quaenam
670 2749 709 2807 sit
727 2737 882 2807 aestiratio
902 2749 1050 2828 partiump

58 2862 170 2944 quibus
190 2864 252 2923 aliis
275 2858 392 2925 familiis
414 2864 511 2924 affinis
535 2864 594 2943 sit,
623 2877 658 2924 et
677 2861 809 2946 denique
835 2853 914 2944 quot
936 2868 1048 2945 genera

58 2974 153 3032 flores
167 2973 310 3034 obierant
324 2978 498 3056 regulares,
519 2992 596 3061 quot
608 2977 802 3057 irregulares.
844 2977 934 3037 Hisne
948 2979 1049 3038 omui-²

58 3087 117 3146 bus
143 3086 201 3147 rite
229 3080 411 3169 computatis
437 3102 529 3171 atque
561 3090 719 3172 perpensis
743 3090 949 3173 plerumque,
983 3090 1047 3154 nou

58 3216 161 3261 tamen
182 3198 325 3282 semper,
345 3198 452 3263 totum
469 3217 626 3283 compotes
643 3203 739 3263 limus.
762 3238 766 3243 -

119 3316 255 3377 Tantum
289 3311 328 3375 de
358 3309 505 3377 methodo
535 3316 630 3400 (puato¹
658 3311 808 3401 sequor-f
840 3316 914 3379 lam·
943 3319 1047 3380 autam

60 3423 277 3491 Geraniaeeus
305 3429 385 3511 ipsas
414 3429 650 3494 cousideremns.
691 3430 890 3509 Familiam,
926 3429 1049 3513 qualem¹

112 3638 178 3692 193
200 3638 305 3687 familiis
325 3641 513 3707 phanerogamis
534 3639 668 3699 Europaeis
687 3647 784 3686 eentum
799 3647 824 3686 et
838 3640 903 3711 quod
922 3639 1045 3697 excurrit,

59 3717 147 3774 viginti
162 3718 193 3764 ad
208 3716 401 3777 vigintiquatuor
415 3719 570 3767 solummodo
584 3718 656 3766 flores
668 3718 783 3766 exhibent
800 3719 1048 3780 nonreliterirreg‘u·

58 3796 131 3843 lares.
158 3796 226 3849 Quod
241 3795 361 3845 facillime
377 3797 685 3856 quilibetsomputabitin
702 3798 733 3846 el.
749 3790 835 3846 nunt
848 3798 1049 3855 Botaiicigailico.

112 3874 141 3926 2)
164 3874 358 3925 Ratzuntntu
380 3878 567 3925 Observationes
589 3878 620 3924 ad
641 3876 791 3924 Pelotlatum
806 3874 915 3923 indolem
929 3875 1046 3927 delinien-

57 3952 114 4075 gam
137 3961 283 4009 spectantes
299 3950 368 4003 1393.
383 3954 440 4016 tgg.
457 3954 477 4004 1.
494 3954 532 4005 39.
511 3953 585 4055 399.
604 3953 644 4005 ii.
666 3953 755 4008 64.ῦῇ
769 3966 866 4015 quoque
886 3945 987 4017 pini.
1012 3959 1043 4007 ed

76 4041 140 4080 nem
