2604 4688
652 386 854 448 -46..

258 567 315 633 pro
333 548 511 616 staminibus
534 549 723 631 suppressis,
745 571 808 631 quo
829 526 972 632 respectu
993 553 1107 618 iterum
1127 557 1252 639 Hippo·

254 669 417 734 castaneis
438 652 548 725 similes
574 659 631 746 (ef.
655 665 820 727 Cosmum
836 667 988 730 Sinonem.
1001 669 1021 730 l.
1036 691 1064 730 o.
1083 671 1147 733 tab.
1160 676 1249 744 XIII.

258 775 309 862 fig.
334 772 387 862 3.)
428 779 526 842 Aliam
559 780 721 860 proposuit
749 780 979 861 explicationem
1008 783 1094 843 floris
1123 785 1253 848 Aesculi

256 896 495 976 Hippocastoni
521 892 780 973 ingeniosissimus
799 897 908 957 Duum.
930 894 950 957 l.
971 918 998 958 c.
1014 917 1046 978 p.
1064 897 1137 976 43„
1160 919 1252 982 mam

257 1025 382 1086 tamen,
404 1026 500 1090 quum
523 1008 627 1088 paucis
651 994 780 1072 refutari
804 1028 867 1071 non
890 1011 1009 1090 possit,
1029 1011 1087 1072 alio
1109 1025 1251 1096 tempore

257 1123 394 1192 refutare
414 1120 557 1182 conabor.
587 1122 705 1184 Vereor
721 1140 760 1180 ne
780 1135 887 1182 auctor
901 1124 1161 1203 ingeniosissimus
1176 1147 1253 1188 non·

257 1256 427 1316 numquam
449 1250 570 1318 partem
590 1236 697 1316 organi
715 1255 773 1316 pro
798 1254 914 1316 organo
936 1234 1079 1299 distincto
1096 1243 1252 1304 sumserit.

319 1353 463 1414 Summus
473 1353 632 1411 Rorsnros
647 1350 761 1412 Bnowu
779 1350 811 1410 in
827 1352 1006 1430 Tropaeolo
1022 1352 1152 1433 majore
1165 1373 1255 1417 mon-

257 1467 446 1529 strositatem
483 1465 560 1526 vidit
596 1463 754 1524 fructuum
786 1462 937 1527 theoriam
965 1464 1191 1544 illustrantem,
1224 1464 1253 1550 t)

173 1651 177 1665 1
259 1601 352 1662 quam
383 1597 447 1640 non
472 1577 583 1638 vidisse
618 1576 724 1636 doleo.
772 1575 881 1660 Neque
909 1579 994 1641 licuit
1026 1579 1118 1642 flores
1144 1583 1254 1665 plenos

258 1697 341 1756 vivos
375 1692 564 1772 examinare,
604 1697 657 1776 qui
685 1706 787 1754 tamen
820 1690 923 1752 forsan
953 1693 1060 1758 melius
1092 1714 1126 1764 ac
1152 1696 1251 1781 hypo-

258 1809 361 1871 theses
386 1828 488 1870 veram
507 1806 643 1868 indolem
662 1806 745 1867 lloris
765 1807 961 1871 illustrarent.

318 1923 451 1984 Necesse
474 1919 636 1983 videbatur
654 1941 769 2002 pauca,
794 1941 872 2004 quae
892 1917 931 1980 de
952 1919 1153 1991 affinitatibus
1173 1928 1256 1991 Tro-

257 2040 366 2117 paeole'
388 2035 564 2112 observavi,
586 2036 801 2116 praemittere,
826 2049 1005 2115 anteaquam
1023 2035 1195 2101 indicarem
1208 2038 1255 2102 vel

258 2149 365 2212 saltem
377 2149 597 2226 examinerem,
620 2163 697 2229 quot
711 2150 889 2226 Tropaeolo
901 2149 961 2209 sint
972 2150 1109 2212 verticilli
1121 2152 1252 2216 florales.

258 2264 295 2327 In
308 2267 514 2326 Geraniaeeis
530 2281 583 2323 sex
602 2262 738 2323 verticilli
753 2261 891 2340 aderant,
913 2283 1047 2345 quorum
1064 2286 1167 2347 unus,
1188 2289 1253 2330 sae-

257 2380 327 2461 pius
346 2397 547 2461 suppressus,
569 2375 746 2437 staminibus
765 2391 796 2436 et
814 2374 943 2437 corollae
960 2378 1162 2460 interpositus
1179 2397 1247 2443 erat.

257 2491 431 2557 Verticillus
463 2490 591 2573 quilibet
625 2488 807 2551 ostendebat
833 2505 936 2572 partes
969 2491 1129 2573 quinque,
1170 2515 1249 2556 nunc

258 2604 418 2690 ejusdem,
439 2626 521 2666 nunc
542 2590 641 2666 variae*
660 2601 875 2686 magnitudinis
895 2618 948 2664 aut
961 2604 1084 2684 indolis,
1108 2604 1128 2687 (
1136 2612 1253 2672 Pelor-

257 2713 412 2802 gom'um)
439 2719 495 2781 sed
528 2739 714 2801 numquam,
751 2732 880 2801 excepto
908 2719 1054 2781 verticillo
1086 2723 1252 2802 corollino,

258 2853 292 2899 et
316 2837 420 2897 fructu
443 2836 475 2894 in
499 2853 611 2914 genere
626 2835 787 2894 Caesarea
809 2849 841 2895 et
864 2837 946 2895 Lino
968 2838 1110 2916 trigyno,
1131 2852 1254 2920 partem

258 2972 351 3013 unam
370 2964 423 3010 aut
440 2948 544 3030 plures
569 2947 692 3008 omnino
714 2968 901 3031 suppressas.
943 2949 980 3010 In
1007 2952 1255 3031 Tropaeolaceis

257 3062 572 3148 uterquevertioillus
590 3062 760 3124 staminifer
777 3062 889 3124 abortu
910 3077 1104 3144 tetramerus,
1124 3068 1253 3128 stamine

259 3181 368 3264 quinto
392 3198 567 3261 suppresso.
630 3178 788 3254 Fructus,
828 3177 907 3237 siout
929 3176 961 3237 in
989 3179 1071 3237 Lino
1099 3185 1253 3264 aigyna,

258 3296 423 3370 trimerus,
455 3313 556 3375 neque
580 3294 625 3353 uti
641 3295 672 3353 in
695 3295 903 3355 Geraniaceis
924 3305 1130 3372 pentamsrus.
1172 3296 1252 3357 Hinc

258 3409 369 3492 positio
391 3407 592 3489 carpellorum
613 3420 757 3488 respectu
772 3403 947 3465 laciniarum
965 3405 1072 3484 calycis
1092 3408 1142 3468 vix
1165 3409 1253 3473 aliter

258 3543 293 3612 ac
315 3543 373 3605 per
392 3519 559 3604 analogiam
587 3519 731 3584 eruenda.
782 3520 816 3580 Si
838 3522 991 3582 Coriaria
1010 3519 1082 3581 civis
1105 3537 1153 3584 est
1176 3524 1253 3606 legi*

258 3638 351 3699 timus
369 3637 470 3697 classis
484 3639 815 3715 Malpighiacearum,
836 3648 911 3697 tunc
928 3634 1010 3696 hisce
1025 3635 1253 3722 carpellasepa-

313 3883 341 3936 l)
355 3881 427 3928 ROB.
438 3878 562 3927 BROWN
568 3912 575 3935 ‚
593 3893 619 3922 oa
629 3875 744 3938 suffisia,
759 3877 785 3924 in
796 3878 905 3926 Linnean
917 3877 1095 3927 Transactions
1111 3880 1168 3928 Vol.
1176 3880 1252 3932 xm.

259 3961 289 4012 Ρ.
299 3962 320 4008 1.
339 3972 395 4018 pag.
409 3958 461 4006 212.
479 3959 521 4012 (in
539 3962 624 4010 nott.)
645 3957 824 4008 DESSELBEN
845 3957 971 4007 Vcrmisclle
992 3957 1110 4006 botanische
1131 3957 1252 4018 SchttYlen.

260 4038 292 4085 11,
309 4051 332 4095 p.
348 4034 402 4085 ⁶25.
1198 4058 1202 4065 ·
