2604 4688
173 304 216 325 .“,.,

258 522 355 579 quam
371 503 508 560 scientia
520 500 697 578 patriaque
713 497 788 559 Tua
796 499 939 576 gloriam
954 501 1065 562 vocari
1071 543 1083 577 ,
1104 499 1253 578 nihilque

260 615 344 688 Tibi,
356 625 474 692 prater
481 616 599 691 patria
608 615 756 687 salutem,
771 624 938 690 tantopere
954 615 1044 674 cordi
1056 634 1135 689 esse,
1151 630 1257 689 qaam

256 731 394 786 scientia
411 738 530 785 nostra
549 726 699 784 amabilis
719 729 935 801 incrementa,
957 727 1039 787 sciat
1065 737 1150 784 totus
1174 747 1255 786 eru·

258 843 400 900 ditorum
414 840 511 915 orbis,
524 842 682 905 neminem
702 840 747 897 Te
762 859 844 919 erga
855 841 1000 900 indoctos
1016 839 1256 918 discipulosque

257 977 324 1014 esse
334 956 568 1026 humaniorem,
586 957 811 1030 amantiorem,
826 954 1128 1028 benevolentiorem,
1142 957 1256 1013 sciant
1269 971 1274 982 ¹

256 1046 413 1147 quantuni
430 1056 574 1125 irrideas
599 1068 701 1146 istos,
731 1047 842 1144 quibus
868 1068 1076 1128 durissimum
1098 1050 1255 1142 videtur,

255 1182 642 1262 glorioladetrimentum
651 1180 779 1257 facere,
801 1185 946 1259 quamvis
966 1185 1100 1242 scientia
1115 1201 1256 1259 promo·

255 1309 389 1371 ventur,-
413 1305 606 1372 cognoscant
619 1295 754 1370 denique
770 1297 816 1354 Te
831 1308 1001 1359 conatuum
1020 1299 1161 1355 omnium
1168 1337 1182 1368 ,
1199 1297 1257 1354 vel

255 1416 462 1470 minimorum
470 1452 482 1483 ,
496 1409 641 1486 judicem
661 1386 728 1466 non
744 1412 849 1470 solum
864 1413 986 1488 coquum
1004 1411 1176 1470 sedetiam
1197 1412 1255 1467 in-

255 1528 542 1603 dulgentissimum.
1035 1600 1037 1605 ¹
1151 1594 1171 1601 .,

306 1641 415 1714 Neque
426 1635 608 1713 ipsehodie,
619 1654 714 1712 quum
723 1635 791 1695 Tuo
799 1632 925 1713 judicio
935 1631 1119 1697 submittam
1127 1652 1255 1710 pauca,

254 1773 323 1829 qua
346 1753 386 1810 de
407 1753 530 1827 aliquot
546 1751 625 1809 Tuis
644 1751 780 1810 decretis
804 1749 980 1828 observavi,
1005 1769 1074 1826 qua
1096 1752 1255 1807 intanta

240 1947 243 1953 Ι
256 1869 334 1928 Tua,
344 1867 536 1926 auctoritate
548 1865 666 1922 multos
680 1883 866 1923 assensores
874 1843 1027 1924 habitura
1040 1864 1253 1937 crediderim,

253 1995 387 2056 vereor,
411 1999 451 2038 ne
465 1999 488 2038 a
505 1979 549 2036 Te
567 1997 688 2054 parum
706 1979 903 2038 verecundus
918 1981 970 2036 vel
989 1998 1110 2055 quoque
1130 1980 1251 2052 ingra-

219 2099 234 2111 “
253 2104 307 2156 tes
323 2092 466 2164 naboar,
489 2091 620 2165 Tuoque
635 2092 749 2166 priver
768 2095 931 2166 amicitia,
952 2113 1034 2169 qua,
1055 2111 1138 2150 auro
1156 2111 1250 2166 gem-

252 2213 375 2284 misque
391 2209 471 2267 milii
484 2209 687 2283 pretiosiore,
705 2209 859 2266 hactenus
877 2206 1039 2280 gloriatus
1053 2226 1132 2264 sum.
1160 2208 1250 2266 Con-

42 2396 45 2407 ·
134 2346 136 2349 ·
226 2334 309 2407 {gera
328 2324 410 2382 mibi
431 2330 478 2378 est
489 2320 712 2395 metuendam,
743 2339 784 2377 ne
802 2319 875 2379 Tua
892 2319 1065 2396 disciplina
1078 2324 1176 2379 nimis
1193 2344 1250 2383 me

245 2422 411 2514 ¹praebeam
424 2434 594 2508 indignum
600 2475 612 2507 ,
634 2438 758 2508 otioque
777 2435 846 2492 Tuo
869 2433 987 2493 mutar
1001 2434 1096 2494 rebvs
1105 2455 1248 2512 prorsus

244 2549 398 2625 sutilibus
408 2547 601 2606 tractandis.
625 2549 721 2607 Jacta
736 2558 843 2606 autem
849 2547 927 2624 jam
941 2559 990 2606 est
1007 2551 1092 2625 alea,
1106 2550 1247 2627 facilius

200 2663 203 2674 ¹
250 2667 340 2724 enim
356 2673 404 2721 est
422 2681 489 2720 non
508 2660 646 2719 scribere
661 2681 759 2737 quam
774 2665 898 2737 scripta
912 2681 979 2720 non
1002 2666 1168 2740 evulgare,
1188 2675 1241 2738 et,

252 2782 283 2838 si
295 2798 383 2837 vana
393 2774 518 2853 protuli
524 2747 709 2851 inaniaque,
725 2785 829 2834 certus
843 2778 972 2833 omnino
990 2781 1071 2836 milti
1081 2790 1127 2838 est
1139 2781 1240 2848 bonos

252 2894 339 2971 quod
355 2894 400 2950 Te
416 2891 620 2966 cognoverim
634 2899 665 2946 et
682 2908 705 2947 a
721 2890 766 2946 Te
780 2888 957 2947 didicerim.

246 3049 249 3054 -
315 3004 382 3064 Sed
394 3007 458 3062 hac
471 3006 507 3062 in
525 3003 629 3062 medio
648 3005 837 3078 relinquam.
881 3005 931 3064 Tu
951 3016 1060 3064 autem
1077 3011 1130 3066 vir
1150 3006 1244 3066 illus,

246 3123 393 3180 trissimc
399 3121 675 3195 amatissimcquel
689 3122 906 3195 quamsapius
912 3119 990 3196 jam
994 3131 1125 3199 patrem
1132 3124 1245 3197 potius

215 3239 216 3243 ’
252 3235 299 3292 Te
323 3237 405 3291 mint,
419 3235 594 3321 praebueris
616 3253 713 3308 quam
722 3233 910 3309 fautorem,
930 3236 1025 3293 nodie
1045 3254 1166 3312 quoquc
1190 3240 1243 3312 ig-

250 3367 383 3423 noscas,
413 3351 443 3405 si
455 3347 548 3424 sorte
578 3349 757 3404 erraverim
785 3357 817 3403 et
852 3348 921 3405 Tuo
951 3351 1079 3406 nomine
1102 3350 1244 3426 indigna

247 3463 444 3539 scripserim.
487 3460 575 3519 Cura
593 3469 629 3518 ut
641 3462 753 3518 valeas
769 3470 800 3516 et
821 3480 889 3536 me,
918 3473 953 3521 ut
976 3466 1115 3541 assoles,
1142 3483 1240 3522 ames.

328 3575 463 3635 Dabam
479 3575 613 3634 Basilea
631 3574 662 3632 d.
687 3575 713 3632 1.
732 3573 820 3649 Sept.
842 3575 928 3637 1830.

560 3818 936 3848 m
973 3834 975 3839 π
