2626 4688
412 378 429 419 s

552 455 592 470 .-
633 423 670 480 33
713 451 752 466 ..

154 579 443 695 Fructuchturos
459 593 491 638 et
505 580 618 640 semina
634 599 696 639 non
713 576 783 638 vidi.
813 578 938 638 leonem
954 583 1024 641 satis
1039 579 1150 643 rudem

160 700 281 761 fructus
285 656 417 757 ‘daturi
440 695 650 756 Carambolae
659 736 671 768 ,
700 713 717 752 a
740 694 931 754 Sounnnertc
954 691 1149 774 delineatam,

160 810 248 873 dedit
272 810 308 870 ct
341 811 525 871 Ctvtuttnns
549 803 676 885 (Closs.
709 805 903 888 monadelph
939 807 1016 867 Tab.
1046 807 1145 890 220)

158 913 315 1004 Figurae
309 920 468 981 fructuum
488 921 543 981 Bil
529 919 618 979 limbi
635 915 653 997 (
663 919 735 979 Csv.
757 917 776 977 l
803 938 828 976 c.
846 916 921 979 Tab.
938 922 1008 983 219
1015 920 1034 1002 >
1053 943 1151 1004 aeque

159 1056 195 1095 ac
216 1035 337 1116 priores
363 1054 401 1093 ex
430 1031 568 1093 iconibus
587 1033 771 1120 Souunnnru
798 1053 891 1094 manu
908 1032 1064 1111 delineatis
1088 1039 1151 1100 aeri

160 1149 281 1210 incisae.
321 1143 407 1207 Folia
423 1146 609 1225 exstipuiata.
667 1149 715 1205 De
732 1120 955 1207 iniloresccntia
974 1152 1152 1212 Oxalidea-

160 1282 236 1323 rum
253 1264 584 1336 Geraniccearumqoe
604 1257 660 1319 clio
684 1260 752 1319 loco
778 1279 872 1339 agam.
916 1262 1008 1322 Color
1032 1265 1151 1344 petalo-

160 1395 232 1436 rum
254 1395 271 1435 e
293 1374 477 1436 Sounnutru
498 1369 651 1433 schedulis
675 1369 705 1432 in
723 1374 917 1435 Carambolo
943 1374 1098 1456 iilccinus,
1120 1379 1152 1441 in

162 1488 292 1552 Bittmbt
309 1487 506 1548 hermesinus.

225 1603 263 1662 ln
285 1601 461 1692 oxalidun‘c
479 1595 607 1661 maxima
625 1612 714 1681 parte
736 1599 835 1660 omnia
854 1618 919 1662 sese
942 1601 1057 1664 habent
1074 1598 1154 1667 sicut
1193 1665 1195 1669 ,

161 1717 194 1780 in
216 1719 389 1778 Averrltoc
408 1715 557 1790 Bilimbr',
576 1713 680 1776 fructu
703 1715 768 1774 solo
787 1731 935 1798 excepto,
965 1721 1020 1799 qui
1044 1739 1154 1801 capsu-

162 1832 234 1891 iaris
243 1852 344 1921 nequo
359 1850 513 1891 carnosus.
542 1832 704 1909 Biophyta
714 1828 754 1887 ill.
769 1831 974 1890 Dnctunoct'n
988 1830 1095 1891 habitu
1106 1831 1155 1892 io-

165 1928 550 2026 tiorcmqu'etrritabilitate
562 1940 789 2025 quodammodo
804 1932 997 2005 conveniunt.
1020 1946 1157 2009 stamina

163 2058 302 2140 longiore
317 2059 349 2119 in
368 2058 559 2119 Oxalidc'bur
573 2057 676 2118 multis
694 2056 899 2137 pilosiuscuia,
918 2058 1051 2119 enthecis
1065 2080 1157 2143 prce-
1187 2095 1194 2102 ·

164 2169 230 2247 dita
256 2187 333 2235 stent·
356 2171 544 2254 majoribus,
580 2173 665 2253 prius
692 2169 927 2231 dehiscentibus.
982 2173 1100 2234 Eadem
1124 2177 1157 2236 in

163 2287 326 2369 speciebus
340 2287 442 2347 multis
465 2286 618 2362 exterius,
640 2285 671 2344 in
690 2282 791 2344 medio
811 2283 875 2344 ferc
893 2285 1061 2365 filamento,
1081 2258 1158 2368 pro·-

164 2419 256 2461 cessu
278 2397 457 2489 dentiformi
478 2411 565 2458 aucta
583 2397 731 2475 videmus,
756 2395 820 2476 (cs.
842 2397 878 2458 A.
900 2420 938 2459 on
958 2400 1010 2462 St.
1030 2403 1156 2464 Httnrnn
1230 2447 1232 2450 ι

163 2519 295 2594 plantes
318 2536 365 2575 us.
395 2516 452 2573 des
470 2517 565 2574 tiras.
585 2527 606 2571 t.
632 2510 680 2572 dd.
698 2513 767 2592 iigg.
792 2518 812 2572 2
833 2527 864 2571 et
884 2519 911 2572 3.
938 2547 979 2560 --
1019 2518 1158 2586 Jtcouuu

170 2628 287 2688 Oxalis
307 2639 366 2688 cto.
390 2645 453 2686 non
476 2638 598 2707 praesto
624 2618 703 2704 est.)
728 2625 758 2684 in
785 2613 981 2705 paucioribus
1006 2628 1158 2688 filamenta

166 2743 269 2804 omnia
281 2740 414 2803 dentata.
428 2738 467 2826 (c.
482 2763 510 2821 g.
521 2744 637 2801 Oxalis
652 2746 760 2818 crispa
769 2737 827 2798 [ide
842 2741 1059 2803 Wrtnnnuowu
1075 2763 1156 2820 spec.

163 2859 212 2936 pl.
233 2857 274 2917 11.
299 2848 452 2937 pith).
495 2855 583 2914 Anne
599 2864 732 2935 utroque
752 2852 925 2913 charactere
948 2855 1074 2915 stamina
1088 2855 1160 2917 'ion-

169 2970 256 3050 giore
278 2967 319 3029 ed
343 2969 472 3050 oerpclla
494 2969 644 3030 accedunt
666 2983 697 3031 ct
722 2967 798 3027 hanc
826 2966 866 3027 ob
897 2989 963 3029 rem
985 2990 1054 3031 vere
1082 2973 1161 3032 inte-

170 3083 254 3143 riora
277 3085 373 3143 sunt?
420 3082 567 3146 Videmus
598 3077 717 3142 fructus
754 3083 931 3140 Oxalidum
960 3081 1161 3161 plurimarum

167 3172 390 3281 pubescentes}
417 3198 516 3278 petala
540 3212 643 3258 sutem
668 3195 786 3276 saepius
809 3193 920 3275 glabra.
944 3188 971 3275 ¹)
1011 3195 1162 3259 Antheras

225 3474 255 3525 ί)
270 3473 390 3530 Corolia,
404 3478 430 3522 ht
447 3474 572 3520 oxalidibus
587 3473 786 3520 constantissime
799 3481 930 3527 contorta,
946 3473 1043 3528 saepius
1058 3476 1166 3529 phaeno.

170 3564 260 3600 ntem
273 3555 390 3608 exhibet,
404 3555 471 3610 quod
485 3552 512 3597 in
525 3554 612 3599 Hibisco
627 3555 701 3598 Trione
715 3565 811 3606 semper
824 3551 951 3603 videmus.
978 3550 1095 3598 nimirum
1110 3566 1164 3609 par·

169 3634 384 3691 temperatorum,
399 3633 498 3690 quaein
513 3631 635 3688 alabastro
652 3633 681 3676 ab
696 3632 797 3676 alterius
812 3630 888 3689 petali
905 3630 983 3675 limbo
998 3643 1047 3675 non
1064 3631 1163 3686 tegitur,

167 3709 244 3756 alim
254 3694 395 3757 'coloratam
408 3723 461 3757 esse
476 3723 504 3755 ac
518 3720 613 3767 partem
635 3709 795 3755 aestivationc
811 3707 963 3754 interiorem.
991 3707 1019 3753 ln
1039 3707 1165 3765 speciebus

167 3789 298 3834 nonnuliis
312 3801 369 3845 pars
383 3791 528 3844 petebamus,
545 3801 606 3844 quae
620 3788 646 3833 in
662 3789 822 3834 aestivaticne
838 3788 952 3842 exterior,
970 3790 1103 3843 pubescens
1118 3798 1164 3836 est.

169 3867 275 3912 &clidas
289 3868 335 3913 hoc
349 3876 474 3923 respectu,
491 3880 566 3923 aeque
587 3880 615 3912 ac
631 3868 719 3923 petalis
741 3865 793 3910 basi
811 3866 1012 3922 cohaerentibus,
1036 3866 1118 3922 potius
1134 3869 1166 3914 sd

167 3943 303 3989 Malvaceas
322 3947 437 3990 accedere
457 3957 530 4002 quam
553 3947 583 3989 atl
602 3945 741 4003 Zygophfflm
766 3945 862 3989 nullum
877 3954 914 3989 est
929 3945 1037 3990 dubium.
1065 3949 1166 3993 Rutaceis

168 4022 313 4086 Zamucii
325 4023 454 4071 autitstio
469 4024 577 4070 coronae
592 4024 748 4070 consolativa
763 4035 806 4068 nec
822 4030 933 4081 contorta
956 4021 1005 4072 (of.
1021 4023 1164 4092 amicissimi

900 4110 915 4163 3
