2604 4688
484 411 694 506 'fre-,-

111 575 113 580 ’
135 557 138 562 ⁴
160 583 190 644 2.
216 580 428 659 Valuonopu
446 575 486 668 (Ι.
507 596 534 636 c.
560 572 622 640 tab.
646 574 705 653 ts,
725 580 795 656 pag.
814 569 887 657 91‚)
910 589 957 637 est
973 575 1091 640 Balsa·-
1174 559 1180 573 ’

96 702 186 758 mina
217 697 362 774 latifolia
392 693 471 756 DC:
492 692 664 751 Prodrom.
695 691 722 750 1.
745 709 777 771 p.
801 688 889 768 ssd,
912 693 1091 770 Impatiens

99 812 242 888 latifolia
262 808 350 870 Ltus.
391 807 441 868 Ex
464 803 669 887 descriptione
693 804 871 865 Ruusouus
893 807 991 886 petala
1011 807 1091 868 inte-

98 925 180 984 riora
196 923 227 984 iu
242 922 298 983 hac
315 920 415 1003 specie
435 918 531 982 libera
540 932 633 998 suut,
654 939 756 1000 neque
771 920 927 1001 perperis
945 934 1089 982 connata:

98 1079 114 1115 ‚,
137 1039 230 1099 liores
247 1034 435 1118 hexapeteli,
455 1054 553 1095 unum
570 1046 590 1091 ο
605 1032 722 1113 postica
738 1045 825 1113 parte
844 1033 968 1114 capituli
986 1031 1092 1115 (geui-

98 1192 115 1229 „
137 1123 264 1231 taliuin)
293 1149 408 1225 situm,
426 1148 516 1208 latius
532 1159 579 1206 est
594 1158 626 1205 et
639 1145 766 1206 interius
786 1145 943 1207 cochleeto
965 1151 1091 1228 cavum3

101 1265 271 1344 „exterius
298 1282 374 1326 vene
401 1259 491 1324 viridi
520 1258 714 1341 obductum,
739 1278 846 1320 versus
869 1261 924 1320 alia
954 1276 1091 1343 quatuor

98 1420 114 1457 „
136 1378 302 1450 inflexum,
323 1398 403 1461 quae
423 1372 577 1452 rotunda,
598 1393 709 1456 parum
728 1372 878 1455 oblonga,
904 1375 1017 1455 galeam
1033 1374 1092 1469 obj

100 1537 119 1568 ‚,
140 1493 292 1573 tegentia,
328 1512 362 1551 ac
383 1511 453 1552 cum
473 1489 520 1550 illa
545 1503 718 1549 transverso
742 1484 884 1569 capitulo
898 1489 1005 1571 petioli
1037 1489 1093 1551 sd·
1148 1522 1151 1530 ·

100 1608 260 1685 „stricts3
281 1619 402 1666 sextum
423 1604 537 1686 galeam
561 1601 739 1681 constituit,
769 1623 847 1686 quse
869 1601 1001 1665 albicans
1028 1617 1092 1691 est,
1152 1622 1153 1626 ’

97 1762 115 1800 „
136 1736 168 1782 et
186 1722 286 1782 minus
300 1719 485 1803 oblongum,
505 1739 577 1781 cum
594 1740 651 1783 suo
670 1718 777 1780 calcari
794 1717 965 1795 albicante,
986 1732 1092 1781 versus

99 1850 274 1911 „rostrum
304 1837 470 1916 crispetum
497 1833 622 1894 inflexo.
633 1839 650 1862 ”’
703 1829 840 1915 (Foliolu
872 1833 1003 1911 calycina
1029 1833 1093 1894 duc

100 1950 251 2009 exteriora
270 1948 439 2030 numquam
465 1945 626 2031 descripsit
645 1948 832 2029 Ruususus.)
873 1947 971 2009 Addit
998 1969 1093 2030 porro
1176 1949 1177 1952 ’

98 2065 212 2124 semine
230 2062 365 2144 primum
386 2059 515 2123 candida
531 2082 617 2140 esse,
637 2061 766 2146 pilisque
788 2063 904 2125 vestite.

158 2186 187 2240 3.
211 2180 452 2259 Tsiera-onapa
474 2174 518 2257 (l.
541 2199 566 2238 c.
588 2176 651 2239 tab.
677 2178 726 2241 49.
748 2196 818 2258 psg.
839 2160 1094 2268 93,)jest13ot;
1164 2172 1173 2197 ⁴

97 2299 227 2354 samina
255 2294 327 2354 Tilo
352 2295 424 2356 Do.
449 2294 570 2361 Prosr,
597 2295 623 2352 1.
643 2311 714 2371 pag.
740 2291 809 2352 686.
872 2292 951 2350 Huic
982 2280 1096 2374 speciei

99 2428 136 2468 ex
155 2406 360 2488 descriptione
374 2408 554 2466 Russmsus
565 2402 659 2463 liures
674 2403 835 2482 normales,
858 2387 977 2466 fructus
992 2390 1097 2470 autern
1150 2391 1153 2397 ’

99 2563 118 2595 ,,
141 2518 335 2597 oblongiores
349 2531 381 2577 et
394 2518 609 2596 angustiores,
630 2515 776 2600 equibus
794 2520 978 2602 semicaper
997 2544 1096 2584 mem-

100 2673 117 2710 „
138 2629 265 2691 brenam
288 2629 466 2692 interiorem
494 2629 658 2692 hincinde
687 2628 774 2691 valde
801 2633 1031 2713 protuberant'’
1054 2673 1096 2688 -

97 2741 182 2805 unde
203 2745 297 2826 magis
319 2747 527 2824 Impatientis
545 2764 611 2805 esse
632 2742 755 2807 videtur
772 2768 864 2830 quam
875 2724 1096 2814 Balsominae.¹

97 2859 205 2920 Flores
226 2873 349 2935 temen,
382 2879 480 2942 quum
502 2857 542 2920 sd
561 2858 628 2920 illos
650 2863 768 2940 Onapu
790 2859 970 2923 accedentes
994 2862 1094 2928 dicat»

99 2971 190 3031 rosei.
232 2970 361 3032 Habitus
386 2976 661 3043 Balsaminaceus.

159 3080 190 3144 4.
218 3083 431 3162 Mamonapu
460 3081 506 3161 (l.
534 3107 560 3146 c.
588 3084 652 3146 tab,
681 3089 729 3147 50.
756 3108 786 3167 p.
803 3086 881 3166 95,)
909 3103 956 3148 est
980 3092 1098 3151 Balsa=

98 3200 190 3258 mina
211 3201 320 3257 minor
340 3198 413 3267 Do,
431 3199 550 3258 Prodr.¹
574 3201 600 3258 1.
622 3220 690 3280 pag.
718 3181 787 3261 686.
830 3203 872 3262 Et
891 3201 964 3262 haec
980 3202 1097 3286 species

100 3312 155 3371 etsi
177 3309 361 3388 rubrillore,
384 3308 527 3373 foliorum
542 3310 639 3372 forms
660 3335 757 3397 aeque
772 3336 806 3374 sc
822 3314 979 3378 fructuum
994 3316 1097 3378 indole

99 3429 292 3504 Impatienti
310 3424 515 3507 propinquior
538 3448 630 3510 quam
654 3432 863 3492 Balsaminoe
872 3475 884 3507 ,
908 3432 966 3491 etsi
991 3428 1098 3492 habitu
1188 3504 1190 3508 ¹

100 3555 131 3602 et
155 3540 232 3600 soliis
251 3541 398 3622 oppositis
425 3541 518 3622 magis
539 3539 610 3602 huic
631 3540 728 3600 affinis
746 3539 896 3602 videatur.

152 3655 188 3715 ’5.
212 3656 479 3734 Bellnttaonapu
505 3653 524 3732 (
534 3656 553 3716 1.
574 3676 608 3738 c·
624 3651 685 3715 tab.
711 3656 759 3715 51.
785 3675 814 3737 p.
835 3655 915 3738 99,)
940 3679 956 3717 c
978 3644 1100 3732 sumru'o

99 3768 314 3828 Dsesunouuso
339 3790 355 3828 a
383 3771 576 3830 Balsamiua
607 3773 727 3828 minori
756 3791 818 3831 uon
843 3769 971 3833 diversa.
1022 3748 1101 3835 Mihi*

101 3894 202 3939 sutem
235 3883 292 3941 etsi
317 3883 432 3962 affinis,
461 3882 654 3943 nihilominus
685 3904 754 3946 cum
782 3888 965 3947 Scuunrusro
998 3882 1096 3966 (syst.

100 3993 258 4075 vegetabil.
279 3996 315 4059 V.
338 4016 368 4077 p.
384 3995 475 4077 sle)
494 3995 611 4058 diverse
627 3995 758 4061 videtur.
802 3999 858 4069 Vix
878 4013 980 4062 tamen
1002 3970 1099 4062 audes
1134 4083 1137 4089 Ι
