2604 4688
623 366 824 425 ...20-

134 546 139 557 ·
226 551 295 617 rem
312 531 461 609 -exicone
491 541 522 588 et
543 522 747 604 descriptione
773 541 850 604 quae
883 537 1018 603 exstant,
1047 521 1230 603 diagnos1m

226 662 360 705 exarare.
427 717 432 729 ’
680 695 683 699 .
1117 610 1132 623 A
1216 692 1226 699 ..

266 808 269 815 .
301 755 330 814 6.
362 757 557 831 Τῖίοιοῃαριι
601 745 645 826 (l.
669 769 695 807 c.
721 746 783 813 tab.
814 749 861 807 52.
888 768 918 829 p.
944 746 1046 828 101‚)
1097 770 1114 808 a
1144 747 1222 811 divo

224 871 360 939 Lrnnnno
382 863 522 925 laudatur
549 858 588 920 ad
618 863 646 920 I.
673 864 897 949 balsaminum
921 860 1140 930 illustrandam.
1167 864 1221 935 111.

224 983 454 1044 Dncluoomrus
476 972 604 1034 eandem
622 974 750 1052 ligurarn
774 974 949 1054 cumsigno
966 976 1221 1056 interrogationis

225 1092 264 1153 ad
278 1099 306 1154 B
326 1097 508 1153 hortensem
527 1085 670 1147 adducite
685 1087 717 1147 Si
728 1087 808 1147 iconi
821 1091 1016 1149 Rusuurtulu
1032 1088 1079 1147 vel
1092 1089 1225 1150 minima

225 1177 302 1271 lides
318 1202 478 1282 habenda,
499 1202 593 1273 flores
610 1201 734 1262 solitarii
751 1214 824 1262 sunt
843 1203 874 1261 in
895 1201 1038 1266 soliorum
1056 1203 1225 1284 opposito-

224 1319 427 1407 rum1axillis‚
455 1307 545 1376 simul
565 1316 667 1397 potius
691 1316 934 1403 supra-axillares
956 1337 1047 1398 quam
1067 1317 1222 1378 axillares.

165 1505 169 1514 Ι
225 1439 342 1519 {lamen
366 1434 396 1492 in
419 1416 621 1510 descriptione
643 1425 756 1518 dicitur
778 1428 872 1489 flores
889 1431 993 1511 plures
1011 1430 1100 1519 simul
1121 1451 1226 1513 supra

225 1563 367 1609 exortum
386 1543 529 1619 foliorum
547 1541 689 1622 conspici.
731 1543 863 1602 Fructus
880 1543 917 1603 ab
937 1543 992 1603 illis
1015 1548 1086 1605 Tilo
1106 1541 1224 1624 (Bals.

227 1665 300 1750 ¹Tilo
328 1655 430 1735 DC.)
464 1652 612 1731 differre,
640 1653 726 1735 quod
750 1654 851 1716 densis
870 1656 930 1716 sint
952 1656 1225 1744 albicantibusque

223 1774 292 1857 pilis
310 1771 410 1831 obsiti.
433 1771 500 1830 Hoc
519 1768 630 1828 iterum
640 1767 787 1848 probaret
809 1769 927 1830 fructus
943 1772 980 1829 B.
1005 1773 1076 1830 Tilo
1092 1771 1224 1850 glabros

225 1909 301 1949 esse.

284 2002 320 2059 In
335 1996 478 2057 herbario
496 1997 708 2056 Llulncnrlno
731 1999 939 2057 Balsaminae
962 1995 1061 2056 nullae
1080 1995 1221 2079 adsunt,

222 2109 390 2194 nequidem
409 2115 446 2171 B.
460 2113 628 2170 hortensis.
670 2111 720 2168 Dc
738 2112 942 2187 Impatientis
955 2110 1115 2190 speciebus
1135 2133 1224 2194 pau-

171 2295 179 2306 ,
222 2227 357 2317 cissimis,
381 2245 456 2307 quas
477 2244 515 2283 ex
535 2223 671 2303 autopsia
690 2223 771 2302 novi,
793 2221 1019 2300 observationes
1032 2196 1132 2299 habeo
1149 2226 1220 2289 fere

219 2342 327 2406 nullas.

282 2456 471 2531 Impatienti
489 2452 706 2527 nolntangere
731 2454 818 2512 Lucu.
840 2451 1006 2533 pedunculi
1025 2451 1215 2537 quaudoque

222 2545 296 2628 sunt
321 2578 443 2625 sex-aut
466 2564 652 2644 septcmllori
668 2578 699 2622 et
719 2564 907 2624 lloresnunc
927 2564 1108 2645 ampliores,
1130 2587 1219 2627 nunc

220 2681 365 2742 minores.
408 2679 536 2758 Semper
549 2675 717 2735 bracteolas
735 2677 766 2734 in
781 2676 972 2757 pedunculos
993 2677 1215 2754 corymborum

221 2795 388 2879 axillarium
407 2791 493 2873 quasi
521 2787 681 2848 adscensus
706 2787 775 2848 vidi.
819 2791 980 2870 Specimen
998 2788 1130 2849 herbarii
1146 2791 1212 2848 Ln-

219 2924 398 2981 tuncrum,
426 2904 540 2984 optime
566 2915 736 2978 servatum,
767 2903 798 2962 in
823 2904 1009 2985 Delphinatu
1030 2905 1159 2981 lectum,
1195 2924 1215 2962 a

218 3017 434 3106 speciminibus
458 3016 645 3077 Germanicis
671 3030 702 3074 et
718 3016 879 3077 Helveticis
895 3017 984 3077 nullis
1004 3017 1084 3076 notis
1109 3014 1217 3076 diver-

218 3111 287 3196 sum
306 3149 362 3194 est.
412 3133 448 3190 In
463 3128 606 3188 herbario
628 3131 837 3208 Bruurunlo,
867 3131 952 3212 quod
973 3133 1005 3207 in
1026 3151 1132 3204 musco
1153 3130 1218 3190 bo-

216 3250 317 3311 tanico
340 3245 502 3306 Basileensi
520 3228 669 3320 servatur,
690 3246 852 3327 specimina
872 3229 999 3322 pulchra
1020 3254 1149 3304 exstant.

278 3364 456 3440 Impatiens
470 3359 568 3435 fulva
590 3358 738 3419 Nur‘rlcn
760 3357 856 3438 priori
875 3377 965 3437 quam
987 3357 1115 3415 maxime
1145 3358 1218 3419 affi-

216 3479 263 3537 nis
275 3490 331 3537 est.
368 3473 570 3554 Especimine
585 3473 802 3553 pulcherrimo,
821 3470 852 3526 in
867 3468 1008 3528 herbario
1020 3472 1219 3533 Lanuens-

216 3612 257 3654 uu
289 3589 412 3648 nominc
444 3591 649 3665 Impatientis
677 3588 745 3644 noli
773 3602 823 3641 me
856 3594 989 3660 tangere
1017 3587 1218 3647 cenedensis

216 3704 383 3784 inscripto,
412 3701 533 3760 babitus
559 3699 679 3780 plantae
706 3693 830 3755 omnino
855 3693 956 3770 idem,
990 3695 1081 3753 llores
1106 3712 1218 3765 autem

215 3837 326 3898 parum
339 3783 486 3903 minores.
529 3815 566 3873 In
586 3807 732 3870 schedula
754 3804 866 3867 dicitur
889 3805 983 3865 flores
1002 3807 1101 3866 luteos
1124 3831 1214 3892 esse,

213 3933 397 4014 punctisque
408 3926 572 4014 purpureis
591 3936 729 4001 notatos,
753 3923 922 3982 nectarium
948 3922 1087 3981 conicum
1099 3965 1110 4001 ,
1132 3926 1216 3985 sub.
