2604 4688
549 428 750 490 -37-
1120 451 1129 489 i

150 589 184 652 in
203 585 342 653 Oxalide
364 588 544 648 Aoeiosella
563 607 628 647 esse
650 587 830 669 corpuscula
851 589 1009 670 quinque,
1032 589 1166 672 quibus,

149 701 253 783 petala
273 699 420 779 insident.
450 698 543 779 (das
567 704 728 761 enideolcte
755 705 951 762 Gelieimniss
984 717 1041 763 eto.
1074 682 1143 785 frag.

149 813 224 877 254.
248 813 310 876 tab.
332 816 415 878 XIV.
442 816 491 895 lig.
515 815 600 894 32).
1142 812 1146 817 ’

214 929 345 1009 Cognita
359 931 536 992 Oxolidum
552 927 666 989 sabrina
686 941 876 1009 revertamur
897 928 936 989 ad
954 934 1052 1006 Lino,
1075 932 1147 1011 qui-
1226 910 1230 917 ²

148 1042 213 1106 bus
230 1042 359 1104 affinitas
377 1064 447 1104 curn
465 1044 657 1105 Oxolidibus
672 1062 797 1102 summa.
841 1044 1045 1126 cognovimus
1062 1063 1147 1103 oom-

148 1155 309 1238 parando,
336 1158 463 1217 stamina
492 1157 605 1217 sterilia
629 1159 787 1217 Linorum
809 1159 960 1218 exteriora
990 1151 1025 1237 ¹)
1058 1177 1145 1237 esse,

152 1285 204 1349 ot,
233 1290 331 1352 aeque
348 1291 382 1330 ao
403 1274 605 1333 Averrhoam
623 1282 655 1328 et
680 1271 871 1345 Oxolidem,
898 1257 1030 1334 Linum'
1042 1292 1146 1333 carere

151 1384 300 1446 verticillo
321 1383 417 1444 llorali
438 1384 540 1442 tertio.
587 1384 720 1443 Fructus
740 1382 847 1444 habitu
870 1383 987 1444 accedit
1013 1383 1051 1443 ad
1075 1404 1148 1466 cap-

158 1492 236 1560 sulas
253 1503 432 1560 Oaealidum
451 1498 732 1580 oligospermarum,
754 1498 869 1559 semina
886 1511 988 1559 autern
1006 1498 1145 1579 utrisque

156 1632 327 1695 compressa
357 1613 542 1683 conveniunt
566 1610 793 1703 pseud-argillis,
815 1615 846 1674 in
866 1597 1059 1674 Oxalidibus
1079 1590 1146 1672 oar·
1182 1656 1186 1672 .

152 1726 258 1803 nosis,'
277 1727 308 1784 in
329 1728 422 1784 Linis
441 1724 671 1804 mucilaginosis.
703 1728 822 1808 ,Neque
844 1714 931 1788 Lina
951 1727 1071 1788 corollis
1091 1726 1147 1786 ila->

152 1839 197 1900 vis
225 1837 364 1922 praedita
389 1837 496 1898 habitu
524 1854 709 1919 magnopere
738 1839 852 1900 ‹listant
884 1841 921 1900 ab
954 1842 1147 1902 Oxalidibus

150 1952 315 2036 phyllodiis
333 1953 508 2027 instructis,
540 1950 579 2032 2)
610 1966 641 2012 et
661 1973 757 2035 quum
783 1968 867 2014 tanta
890 1955 928 2014 sit
950 1953 1059 2024 iisdem
1079 1953 1146 2013 alli-

151 2068 232 2129 nitas
260 2085 331 2126 cum
360 2065 524 2146 generibus
555 2066 633 2128 foliis
664 2067 815 2148 petiolaiis
844 2065 1069 2149 gaudentibus,
1098 2065 1147 2125 vix

151 2201 259 2243 errare
278 2179 353 2240 milri
374 2179 563 2258 viderentur,
585 2183 638 2262 qui
654 2186 811 2243 Linorum
831 2180 901 2241 lolia
920 2179 1149 2261 phyllodiorum

150 2297 277 2357 nomine
294 2292 469 2354 salutarent.
482 2288 494 2296 ..
513 2293 659 2374 Stipulae,
681 2294 793 2374 quibus
812 2296 969 2354 Oxalides
984 2292 1148 2352 nonnullae

152 2423 273 2488 carent,
300 2411 331 2469 in
360 2413 453 2469 Linis
472 2407 656 2490 quibusdam
679 2405 853 2467 indicantur
871 2407 976 2467 saltem
999 2403 1147 2486 glandulis

152 2523 195 2584 ad
217 2522 362 2584 loliorum
380 2522 471 2586 basin
487 2522 604 2601 positis.
645 2523 760 2581 Forsan
783 2542 909 2602 quoque
928 2519 1041 2580 laciniis
1066 2518 1147 2599 caly-

152 2637 231 2698 oinis
261 2634 434 2696 tridentatis
466 2639 543 2695 Lini
573 2637 730 2694 Radiolae
761 2632 931 2712 indicatur,
962 2633 1087 2714 stipulas
1115 2633 1147 2692 in

211 2864 239 2916 l)
257 2863 298 2913 lll.
314 2863 479 2910 AUGUSTUS
495 2863 536 2910 DE
554 2862 602 2909 ST.
616 2861 754 2910 mininis
768 2872 842 2920 negat
857 2863 883 2908 in
897 2859 1022 2908 oxalidibus
1036 2871 1049 2906 e
1063 2859 1150 2906 stami-

159 2941 231 2987 nibus
246 2943 346 3000 deoem,
370 2941 422 2987 basi
438 2941 492 2998 plus
508 2941 546 2986 vel
561 2941 643 2986 minus
657 2943 846 3001 monadeiphis.
872 2942 922 2998 alia
940 2953 992 2987 esse
1008 2939 1146 2993 exteriora.

160 3019 254 3078 aliaque
269 3020 396 3066 interiora.
423 3020 447 3065 Si
465 3018 571 3064 stamina
581 3020 664 3064 omnia
681 3032 709 3064 ex
725 3018 809 3064 eodem
828 3019 949 3065 verticillo
966 3019 1100 3075 prodirent,
1120 3029 1148 3062 ea

159 3110 208 3144 non
222 3098 362 3145 alternatim
378 3097 490 3154 longiora
510 3096 666 3149 videremus,
684 3098 846 3153 antherasque
866 3097 935 3154 prius
949 3097 1075 3152 seriusque
1093 3107 1148 3151 ape·

156 3178 255 3226 rientia.
284 3178 376 3235 Regula
390 3189 442 3231 est.
467 3188 529 3232 quae
551 3175 592 3222 vix
614 3175 691 3220 uliam
707 3173 875 3230 exceptionem
890 3175 999 3232 patitur,
1019 3186 1148 3221 numerum

156 3269 243 3304 verum
258 3257 366 3313 partium
380 3257 406 3301 in
421 3257 533 3301 omnibus
544 3253 675 3301 verticillis
690 3251 758 3297 floris
773 3265 826 3299 esse
839 3254 959 3309 eundern,
976 3254 1080 3300 simulac
1094 3266 1149 3310 par·

154 3343 194 3384 ies
207 3346 264 3380 oum
279 3334 395 3382 vertioiiii
410 3335 535 3387 cuiusdam
550 3330 676 3378 inferioris
690 3332 788 3388 organis
805 3332 942 3388 alternant,
965 3344 1043 3390 oeque
1061 3332 1149 3377 iisdem

154 3428 202 3475 per
213 3414 285 3473 paria
295 3413 443 3470 anteposita,
459 3421 499 3459 aui
512 3423 607 3471 quoque
621 3424 664 3471 per
675 3410 744 3466 paria
754 3412 848 3458 alterna
862 3421 927 3458 sunt.
944 3411 1010 3457 Haeo
1022 3409 1149 3456 doliorum

155 3493 251 3542 mirica
273 3501 380 3540 tractans
402 3491 479 3537 fusius
494 3504 633 3547 exponam,
659 3489 733 3534 simul
749 3488 940 3545 ingeniosissimi
956 3486 1085 3534 DUNALll
1100 3486 1150 3531 cla·

156 3571 299 3630 tissimique
314 3569 591 3624 monum-Tannum
605 3566 713 3614 theorias
728 3566 864 3612 illustrans.
893 3565 1029 3618 (DUNAL‚
1053 3560 1150 3611 considi-

155 3655 240 3699 niiam
252 3665 289 3698 sur
301 3651 325 3697 la
337 3656 413 3696 nanee
421 3654 444 3695 et
456 3649 484 3694 les
497 3655 591 3706 rapports
601 3647 628 3693 de
641 3645 782 3703 quelques-um
792 3645 827 3690 des
836 3658 921 3701 organas
930 3644 957 3690 de
969 3645 991 3690 la
999 3644 1064 3701 fleur.
1080 3645 1150 3690 Paris·

157 3728 222 3778 1829.
237 3727 296 3785 ito,
326 3740 388 3784 opus
402 3723 586 3774 ornatissimum
600 3724 647 3771 viri
662 3722 864 3781 ingeniosissimi.
884 3746 911 3758 ·-
933 3720 1152 3775 monum-Tan.

158 3808 243 3865 DON,
268 3809 330 3854 Essal
342 3821 378 3852 sur
393 3805 422 3851 les
435 3800 604 3851 de‘doulrlements
617 3819 643 3849 ou
656 3801 834 3860 multiplicatum
848 3803 957 3860 margano
973 3801 1027 3846 dans
1040 3800 1068 3846 ies
1086 3795 1150 3857 Vigi-

156 3896 222 3937 mx.
245 3890 316 3934 Paris.
329 3883 409 3938 182⁶;
424 3880 569 3940 opusculum
586 3882 655 3930 omni
669 3880 806 3929 attentione
823 3881 950 3939 dignum.)

213 3965 246 4018 2)
265 3965 355 4012 Videas
371 3965 484 4011 oxalidem
504 3962 692 4020 bupleurtfoliam,
717 3962 786 4013 cujus
802 3959 874 4006 flores
887 3957 963 4012 lutei,
980 3955 1006 4003 in
1023 3957 1096 4006 AUG.
1110 3955 1150 4002 DE

159 4045 208 4093 ΕΤ.
228 4043 360 4092 liminii
376 4034 437 4100 floro
451 4045 508 4089 nm.
526 4042 600 4092 maid.
618 4042 673 4089 Vol.
688 4041 707 4087 l.
726 4040 787 4086 Tan.
801 4036 837 4084 23.
