2604 4688
628 422 829 482 ..10-

234 586 348 655 obleet-
367 581 399 668 ¹)
448 586 570 648 Interea
591 578 712 660 autem,
744 579 825 642 hand
847 579 960 644 oblitus
984 582 1084 666 sepala
1110 584 1226 645 extima

233 707 266 770 in
283 705 476 783 Impatiente
493 700 560 758 noli
580 709 715 776 tangere
730 696 846 777 majora
865 717 931 757 csso
949 718 1040 779 quam
1057 698 1087 757 in
1103 701 1227 759 Balsa·

232 823 324 882 mina
345 816 504 888 nonensi,
524 809 660 891 priorem
680 811 793 871 lterum
815 810 979 871 examinavi
998 824 1029 872 et
1048 830 1120 871 mox
1139 789 1226 871 oculi

231 933 312 1012 mei,
335 926 416 991 lente
434 923 562 985 fortiore
581 925 705 1001 armati,
727 922 911 985 detexerunt
930 923 1101 1017 squamulae
1126 923 1225 1003 duas,'
1273 911 1275 915 ¹

230 1042 415 1132 pellucidas,
436 1059 453 1098 e
473 1034 783 1115 luteo-virescentes,
800 1035 966 1098 admodum
986 1059 1115 1118 parvas,
1142 1058 1227 1098 eun·
1295 1091 1296 1100 ,

232 1158 366 1238 demque
377 1154 408 1214 in
422 1155 627 1229 Impatientr‘s
639 1152 715 1214 flore
725 1152 827 1213 locum
843 1165 994 1229 tenentes,
1017 1175 1108 1235 quem
1121 1153 1227 1234 sepala

231 1267 414 1344 adventitia,
435 1284 528 1345 supra
549 1260 719 1346 descripta,
741 1267 772 1326 in
795 1269 1004 1328 Balsaminae
1024 1267 1100 1328 flor-c
1126 1287 1228 1328 occu·
1270 1315 1273 1323 .

229 1383 353 1470 pabant.
393 1378 501 1460 sepala
526 1376 601 1439 haec
619 1380 651 1440 in
675 1383 869 1458 Impatiente
891 1394 1069 1441 constanter
1090 1379 1226 1461 adsunt,

228 1512 264 1570 et
282 1495 383 1557 nullus
405 1489 513 1552 dubito
532 1493 607 1574 quin
630 1513 689 1574 pro
711 1493 842 1574 analogio
862 1491 1001 1559 habenda
1019 1494 1080 1555 sint
1099 1494 1228 1578 cepalo-

229 1629 318 1688 rnm,
335 1609 366 1666 in
387 1608 580 1667 Balsamina
599 1611 746 1669 hortensi
762 1608 933 1668 luxuriante
953 1621 1073 1668 tantum
1095 1621 1227 1686 vegeta-

228 1722 312 1785 tione
347 1716 581 1780 advenientium
606 1789 607 1795 ἵ
652 1721 820 1782 Crederem
854 1742 980 1804 quoque
1016 1717 1227 1785 immortalem

227 1837 386 1899 Lrnratnuu
404 1832 504 1914 sepala
525 1829 688 1895 adventitia
704 1836 735 1896 in
751 1841 789 1898 Β.
805 1841 950 1916 hortensi
971 1835 1090 1917 saepius
1110 1833 1228 1896 obser-

227 1967 312 2012 vasse
320 1989 334 2022 ,
365 1967 462 2028 quum
490 1947 522 2006 in
547 1949 752 2024 „Generibus
774 1953 968 2031 plantarum
978 1940 995 1977 ’³
1023 1945 1101 2032 (ed.
1125 1950 1161 2010 V.
1186 1971 1222 2032 p.

226 2052 328 2138 403.)
366 2074 548 2142 sequentem
585 2076 739 2143 proponat
778 2062 986 2123 characterem
1022 2062 1222 2142 genoricumz

227 2217 245 2256 „
270 2179 376 2256 Calyce
390 2173 596 2255 perianthium
613 2175 800 2257 diphyllum,
821 2190 880 2236 etc.
918 2178 1050 2238 Corolln
1067 2190 1224 2259 pentape-

226 2331 244 2370 „
264 2289 324 2351 tela
344 2289 486 2369 ringens,
513 2287 620 2370 petalis
642 2289 869 2371 inaequalibus,
900 2309 1052 2375 quorum:
1081 2290 1234 2371 petalum

225 2449 247 2482 ,,
267 2424 287 2458 n
315 2425 492 2481 summum,
520 2385 769 2482 subrotundum‚
795 2404 941 2486 planum,
963 2418 1121 2481 erectum,
1142 2404 1223 2465 levi-

225 2560 246 2594 „
269 2529 316 2576 ter
329 2514 485 2593 trifidum,
506 2517 590 2597 apice
606 2519 831 2595 acuminatum,
851 2517 966 2579 labium
981 2516 1122 2598 superius
1141 2536 1221 2578 con-
1264 2588 1269 2609 .

224 2675 245 2709 „
265 2630 414 2707 stimans,
443 2627 463 2688 β
482 2643 514 2690 et
535 2650 555 2693 γ
574 2635 688 2708 infima
710 2632 814 2712 paria,
836 2630 970 2708 reflexa,
987 2631 1117 2716 *maxima
1128 2675 1138 2710 ‚
1161 2652 1218 2690 ex·

224 2789 245 2824 „
265 2758 402 2804 trorsum
419 2743 544 2820 latiora,
575 2741 702 2823 obtusa,
730 2745 923 2826 irregularia,
951 2745 1074 2824 similia,
1100 2743 1211 2804 lobium

224 2901 245 2935 „
266 2857 393 2918 inferius
409 2845 634 2934 constituentia,
654 2851 716 2918 iet
735 2876 750 2915 n
772 2861 964 2921 intermedia
982 2861 1075 2940 paria,
1095 2855 1211 2934 similia,

224 3011 242 3050 ‚,
264 2971 413 3054 opposita,
436 2968 475 3029 ad
490 2969 576 3029 basin
590 2997 609 3032 a
625 2985 739 3031 exorta.
783 2975 970 3035 Nectarium
983 2969 1215 3054 monophyllum

224 3128 242 3167 ‚‚
263 3086 373 3148 cuculli
390 3086 486 3147 instar
504 3083 635 3148 fundum
656 3086 739 3147 lloris
759 3088 926 3168 recipiens,
959 3109 1013 3147 ore
1035 3086 1213 3164 obliquum,

221 3246 243 3280 „
263 3215 437 3261 extrorsum
456 3221 637 3282 assurgens,
657 3199 723 3260 basi
738 3201 769 3259 in
785 3219 882 3259 cornu
901 3197 1043 3260 desinens
1059 3213 1118 3260 cto.
1149 3199 1219 3258 Oh*
1266 3255 1268 3259 ,

221 3361 242 3394 „
262 3320 423 3376 servatio:
443 3315 600 3374 Deficiunt
617 3316 648 3374 in
662 3314 724 3373 aliis
741 3311 839 3394 petala
858 3312 916 3375 tet
935 3346 966 3391 n,
988 3314 1019 3372 in
1037 3312 1100 3373 aliis
1114 3332 1213 3374 cornu

220 3475 241 3508 ,‚
261 3429 397 3491 nectarii.
407 3433 424 3457 ’⁹
466 3430 572 3508 Quum
589 3430 619 3489 iu
633 3428 825 3507 Impatiente
837 3430 906 3486 noli
919 3439 1053 3503 tangere
1073 3427 1120 3486 vix
1137 3446 1215 3485 con-

221 3545 343 3627 spicuae
366 3544 446 3622 sint,
477 3557 509 3603 et
539 3545 570 3604 in
594 3546 787 3604 Balsamina
808 3544 952 3600 hortensi
982 3539 1058 3598 llore
1085 3539 1214 3619 simplici

222 3657 325 3720 forsan
345 3677 512 3738 numquam
536 3636 699 3719 occurrant
723 3656 937 3737 partes-istae,
964 3674 1039 3734 ques
1059 3657 1214 3717 Lrnnssos

274 3857 303 3910 1)
326 3857 385 3906 Vidi
398 3856 471 3906 flores
484 3861 619 3909 nonnullos
633 3857 781 3915 semiplenos
803 3864 827 3902 et
845 3856 1016 3913 pentasepalos
1030 3854 1126 3910 fartos,
1152 3869 1213 3914 quo.
1231 3851 1234 3855 ”

220 3950 275 3985 rum
289 3937 372 3994 sepala
386 3937 522 3988 adventitia
535 3936 670 3988 calcaribus
686 3936 767 3994 parvis
781 3934 902 3983 instruct-r
918 3946 1002 3990 orant,
1022 3935 1087 3981 unde
1101 3931 1147 3982 flos
1163 3935 1213 3982 tri-

221 4016 357 4065 calcarotus
372 4017 457 4065 evasit.
