2604 4688
636 395 837 454 ...18-

148 557 151 567 Ᾰ
240 571 380 647 uniflora,
401 564 519 648 saepius
529 559 647 623 bissora,
680 554 892 617 Observantur
907 569 1007 618 tamen
1020 558 1231 638 exceptiones.
1253 589 1260 607 a

238 683 404 746 Peritiores
435 674 603 760 dijudicent
631 692 669 731 an
698 675 877 750 Impatiens
906 676 1062 750 insignis,
1087 650 1234 734 ¹floribus

238 792 531 880 purpurascentibns
548 785 707 870 praedita,
729 799 760 846 et
776 788 805 855 Ι.
818 786 1013 864 pubescens,
1033 786 1070 846 ab
1086 787 1249 846 illustris·

239 913 534 975 simoDncanoocuro
542 900 719 961 dubitanter
728 896 767 959 ad
775 902 984 978 Impatientes
993 898 1236 975 relata,utrum-

238 1043 299 1110 quc
323 1040 417 1105 genus
435 1019 537 1079 forsan
557 1017 669 1076 arctius
692 1033 783 1097 quam
807 1012 839 1074 in
859 1012 1022 1092 generibus
1044 1034 1115 1075 vere
1135 1026 1236 1074 natu·

237 1138 350 1202 ralibus
381 1134 424 1195 fas
447 1145 513 1209 est,
541 1130 681 1212 jungant.
733 1127 967 1190 Inflorcsccntia
993 1148 1089 1213 aeque
1114 1146 1153 1191 u·
1171 1150 1235 1210 pe-

236 1251 361 1313 dunculi
376 1245 528 1308 fructiferi
544 1246 575 1306 in
592 1249 791 1310 Balscminis
811 1270 932 1332 semper
948 1243 988 1332 (l)
1011 1245 1151 1324 deflexi,
1162 1242 1235 1305 for-

233 1387 287 1429 san
310 1365 461 1448 optimum
483 1360 663 1420 exhiberent
684 1360 900 1425 characterem.

239 1506 242 1511 ⁴
295 1475 391 1560 Quod
418 1474 533 1556 specics
556 1474 672 1535 attinet
696 1479 906 1540 Balscminae
915 1521 928 1554 ,
964 1495 1061 1560 pauca
1088 1484 1237 1534 tanturn-

232 1591 325 1655 modo
346 1589 386 1677 de
408 1588 582 1665 synonymis
600 1589 784 1652 Rauennatis
809 1590 916 1652 dicam.
967 1594 1125 1663 Lrunanuu
1141 1562 1236 1646 surn-

230 1725 316 1769 mum
338 1705 369 1763 in
395 1701 523 1762 citandis
545 1701 683 1763 iconibus
709 1719 870 1765 auctorum
898 1705 1019 1786 saepius
1047 1701 1081 1762 id
1104 1714 1235 1762 tantum

231 1807 372 1894 cdrasse,
406 1831 442 1877 ut
465 1793 587 1876 habitus
607 1818 727 1898 plantae
759 1820 855 1902 figura
878 1817 1010 1902 quadarn
1034 1818 1234 1896 illustretur,

228 1931 475 2018 probat-iterum
495 1929 635 2011 ejusdem
649 1951 845 2011 synonymon
865 1937 1082 2010 Rurrotnuuu,
1104 1933 1134 1990 in
1157 1931 1234 1992 cdi-

226 2050 310 2110 tione
331 2042 466 2109 secunda
480 2045 660 2126 Specierum
673 2046 847 2128 plantarum
867 2050 1055 2128 Impatienri
1068 2051 1232 2124 oppositi-

221 2165 328 2243 foliae
352 2162 449 2219 cum?
475 2156 624 2218 additum.
678 2161 760 2220 Ha'ec
778 2163 859 2222 enim
880 2162 977 2242 figura
997 2163 1230 2240 Impatientem

228 2297 292 2340 uon
317 2274 416 2351 sistit,
439 2269 525 2355 quod
544 2270 612 2330 luce
632 2271 740 2333 clarius
761 2274 911 2356 probatur
931 2289 999 2335 tum
1021 2272 1230 2336 inflorescen-

228 2391 289 2467 tia,
310 2403 377 2448 tum
397 2385 600 2468 descriptione
615 2387 802 2448 Runnnunh.
843 2390 995 2450 Ruunmus
1013 2385 1146 2464 calyoem
1167 2386 1228 2448 de-

228 2502 350 2582 scripsit
371 2498 542 2579 5-sepalum
555 2512 608 2559 aut
627 2500 824 2579 5-partitum,
847 2499 990 2560 corollam
1012 2512 1225 2581 pentamerarn

228 2614 393 2691 labiatam,
416 2613 530 2672 semina
557 2633 713 2691 areuacea,
739 2613 856 2672 caulem
877 2626 1074 2692 tetragonum
1100 2608 1222 2695 (Hort.

227 2729 388 2797 melchae,
408 2727 463 2787 IX.
485 2745 553 2807 pag.
577 2729 625 2789 57.
647 2725 709 2786 tab.
731 2721 803 2808 31.)
825 2727 904 2787 Hinc
926 2746 1022 2807 genus
1045 2725 1217 2801 diversum,

227 2842 364 2903 fortassis
401 2842 701 2899 Rhinentlraceum!
764 2841 874 2923 Neque
901 2842 1053 2902 Runnorus
1084 2839 1216 2921 plantam

226 2955 304 3016 hanc
324 2957 589 3015 Balsamt'narccm
608 2952 768 3033 speciebus
793 2955 894 3030 veris,
914 2955 945 3015 in
967 2952 1105 3036 ejusdem
1127 2949 1219 3012 volu-

223 3051 314 3133 ininis
337 3068 448 3131 tabulis
471 3067 607 3130 47-52
633 3065 783 3148 depictis,
816 3067 989 3129 adsociavit.
1039 3063 1134 3146 Quod
1163 3063 1218 3125 has

225 3198 328 3245 autern
358 3183 485 3260 attinet,
514 3181 738 3243 observandum
764 3199 828 3261 est,
857 3183 961 3263 plures
987 3182 1179 3242 characteres
1200 3201 1219 3240 a
1291 3170 1294 3175 ⁴

223 3300 361 3361 Maenio
380 3298 410 3356 in
432 3296 687 3379 descriptionibus
716 3295 821 3374 datos,
849 3293 887 3354 ab
913 3296 1090 3357 auctoribus
1121 3292 1216 3354 fuisso

223 3413 390 3497 neglectos.

286 3529 314 3588 1.
347 3530 465 3603 Onapu
500 3520 644 3604 (Rheode
676 3525 695 3583 l.
731 3545 757 3584 c.
791 3519 853 3582 tab.
885 3523 936 3588 47.
965 3541 1033 3604 pag.
1063 3514 1133 3601 89.)
1167 3535 1218 3582 cst

222 3645 415 3704 salsamina
450 3639 648 3716 fasciculam
687 3639 758 3698 DC·
793 3639 965 3698 Prodrom.
1005 3639 1031 3695 1.
1073 3656 1104 3717 p.
1142 3635 1214 3696 686.

220 3753 319 3836 Hujus
340 3752 458 3814 fructus
475 3774 513 3812 ex
530 3767 654 3813 auctore
671 3748 793 3811 laudato
810 3750 960 3812 farinaceo
976 3770 1047 3811 rore
1065 3767 1216 3829 consper-

220 3889 272 3930 sus
303 3865 421 3953 (neque
445 3857 657 3950 puberulus),
686 3866 801 3925 semina
831 3881 933 3948 autem
969 3885 1080 3947 parva,
1110 3865 1213 3945 primo

220 3983 395 4064 albicantia,
414 3995 490 4064 post
510 3984 691 4058 nigerrima
716 3992 747 4040 et
768 3982 948 4069 nitentiall
