2604 4688
552 408 734 468 ..8-

115 580 125 587 ”
148 563 299 630 nimirum.
321 567 548 645 symmetricnm
575 569 757 631 calcaratum
788 558 1002 655 (quorundam
1029 583 1139 631 necta-

148 672 251 760 rium)
280 693 312 741 et
332 682 437 765 eepala
461 680 547 764 duo,
584 683 942 747 audentea-staminibus
967 687 1140 767 anteposita

148 805 241 871 sunt,
262 791 339 853 banc
360 794 401 859 ob
420 815 487 856 rem
503 796 567 877 jam
587 795 681 858 solam
702 797 733 856 in
744 795 830 861 ¹hisce
850 796 1012 877 generibus
1033 798 1141 859 neuti-

148 927 318 990 quamcpro
339 907 446 990 petalis
465 907 623 989 habenda,
635 911 807 992 potiusque
824 910 997 992 sepalorum
1013 911 1140 975 nomine

103 1081 107 1094 ,
148 1021 314 1085 salutanda.
358 1021 517 1096 Talimodo
537 1027 818 1086 Balsamincarum
834 1024 892 1094 llos
912 1023 1056 1102 evaderet
1069 1024 1142 1085 'tri-

149 1134 270 1229 sepalus
299 1151 331 1197 et
360 1137 535 1218 tripetalus,
567 1159 670 1222 neque
706 1137 765 1200 hoc
796 1137 966 1202 inauditum
995 1138 1078 1199 foret
1105 1138 1143 1198 in

149 1249 259 1332 plantis
284 1248 544 1330 dicotyledoneis,
576 1254 632 1313 etsi
655 1254 754 1315 rarius
767 1267 937 1329 occurrat,
967 1253 1024 1312 uisi
1049 1271 1145 1332 sepa-

150 1364 252 1425 lorum
277 1363 339 1426 duo
357 1366 464 1448 petalis
484 1356 652 1447 anteposita
675 1381 781 1426 esseut,
798 1381 831 1426 et
852 1379 1012 1447 praeterea
1029 1384 1146 1425 nume-

76 1485 83 1495 '
150 1497 206 1540 rus
218 1481 370 1539 ternarius
381 1480 412 1542 in
420 1479 546 1539 stamina
557 1478 747 1560 carpellaquc
765 1484 901 1556 quinque
915 1479 990 1539 male
1003 1476 1143 1538 caderet.

150 1593 242 1654 Pnor
267 1605 369 1653 autem
386 1611 475 1651 causa
496 1591 615 1671 gravior
640 1604 707 1666 est,
728 1610 881 1672 nemoque
906 1592 975 1669 erit,
999 1591 1053 1672 qui
1077 1611 1146 1651 non

152 1704 319 1791 intelligat,
339 1703 430 1764 talem
459 1701 688 1784 dispositionem
715 1705 850 1786 partium
883 1704 966 1764 lloris
984 1717 1148 1764 monstro-

152 1836 217 1878 sam
239 1837 336 1899 pecua
354 1836 421 1880 esse
448 1815 617 1879 dicendam.
658 1808 768 1902 Neque
800 1840 849 1881 res
873 1839 939 1878 sese
966 1818 1007 1877 ita
1027 1816 1147 1896 habet,

153 1931 315 2014 quodlibet
336 1932 417 1993 enim
437 1932 609 2012 petalorum
629 1932 797 1995 lateralium
820 1922 1047 2017 (callosorum)
1071 1930 1149 1991 bili-

153 2045 230 2107 dum
248 2060 295 2106 cst
314 2046 476 2127 nervisque
494 2046 642 2128 primariis
659 2045 780 2109 duobus
800 2047 962 2123 munitum,
984 2044 1037 2126 qui
1056 2046 1152 2106 nervi-

152 2159 185 2219 in
204 2159 312 2220 lamina
336 2159 508 2241 petalouum
530 2161 644 2241 optimc
666 2160 843 2240 conspicui,
876 2179 947 2219 cum
963 2157 1147 2219 staminibus

154 2272 378 2335 evidentissime
406 2272 567 2335 alternant·
613 2274 706 2335 Linea
721 2293 811 2353 ¹quae
839 2272 877 2333 ab
899 2273 1032 2333 incisura
1050 2273 1146 2353 petali

153 2386 194 2447 ad
205 2385 343 2468 ejusdem
356 2385 442 2448 basin
456 2386 603 2478 desumit,
625 2388 742 2466 hyalina
758 2384 814 2465 est,
829 2387 913 2448 nullo
924 2406 1023 2448 nemo
1043 2386 1148 2447 nullo-

154 2521 216 2581 que
237 2501 471 2581 parenehymate
493 2502 629 2580 munita,
660 2502 783 2562 omnino
804 2501 906 2561 similis
933 2501 1048 2564 suturis
1074 2502 1147 2582 qui-

152 2611 286 2674 busdam
304 2613 487 2675 corollarum
504 2615 760 2696 gamopetalarum
783 2612 829 2673 vel
847 2613 949 2694 potius
974 2613 1146 2675 filamento-

154 2747 224 2788 rum
242 2742 453 2789 connatorum.
482 2731 614 2790 suturae
632 2729 705 2789 istae
722 2725 830 2807 sepelis
847 2724 968 2788 duobus
983 2740 1142 2793 auctmum

155 2861 254 2921 aeque
272 2861 306 2900 ac
321 2841 497 2903 staminibus
518 2839 639 2902 duobus
658 2839 832 2902 lateralibus
847 2839 1036 2919 antepositae
1048 2849 1141 2914 aunt3

154 2957 242 3019 nervi
256 2970 369 3033 autem,
391 2957 444 3038 qni
457 2954 629 3038 petalorum
647 2951 783 3013 medinm
800 2949 944 3029 indicant,
967 2971 1029 3013 non
1045 2948 1147 3014 solum

156 3088 228 3130 cnm
251 3067 430 3130 staminibus
454 3069 614 3146 alternant,
635 3065 692 3128 sed
714 3067 805 3127 etiam
825 3086 896 3126 cum
913 3062 1147 3147 sepalisiisdem

157 3196 189 3242 et
210 3183 312 3263 scpalo
330 3184 422 3244 tertio
444 3182 601 3243 calcarato.
642 3184 708 3243 Hoc
727 3178 880 3261 sepalum,
903 3178 989 3261 quod
1013 3177 1060 3241 ab.
1073 3197 1147 3238 auc·

156 3295 276 3356 toribus
297 3297 445 3357 botanicis
469 3316 551 3355 nunc
575 3294 704 3370 cuculli,
724 3311 807 3353 nunc
828 3292 925 3374 petali
938 3292 1077 3353 calcarati
1100 3292 1149 3352 vel

157 3430 282 3492 quoque
298 3409 424 3472 nectarii
442 3407 614 3468 nominibus
632 3405 829 3488 designatur,
850 3405 973 3467 omuino
987 3405 1150 3486 analogum

159 3539 207 3585 cst
225 3524 319 3604 sepali
339 3522 476 3584 calcarati
494 3522 525 3583 in
552 3525 729 3601 Tropaeolo
751 3523 1015 3599 Pelargonioque.
1055 3573 1058 3577 <

219 3641 288 3698 Jam
313 3651 436 3715 autem,
465 3637 510 3696 uti
537 3634 684 3712 vidimus,
712 3634 811 3715 petala
832 3632 979 3700 habemus
1004 3631 1150 3693 interiora

89 3783 92 3787 ·
160 3765 311 3834 quatuor,
331 3772 389 3831 per
406 3755 489 3832 paria
511 3748 637 3832 quidem
657 3749 762 3809 coalita
775 3791 784 3827 ,
797 3763 959 3823 attamen,
980 3748 1005 3808 si
1023 3744 1151 3806 stamina

160 3866 357 3948 fructumque
377 3865 574 3946 respicimus,
615 3862 748 3944 legitimo
775 3861 928 3944 disposita.
986 3859 1152 3921 Perficitur

160 3978 284 4042 tandem
298 3980 410 4043 corolla
426 3994 603 4063 pentamera
614 4021 625 4060 ‚
646 4000 738 4062 quam
759 3975 965 4041 androeceum
986 3991 1018 4040 et
1039 3995 1151 4057 gynae-
