2604 4688
543 406 744 460 -.38-

141 567 230 626 “Lino
251 584 362 644 genere
382 563 495 645 petiole
515 583 581 624 esse
603 562 735 623 adnatas.
753 594 794 609 -·
846 560 952 622 Flores
972 564 1049 622 Ltnt
1069 567 1147 623 hir-⁴

148 682 214 737 suti
244 679 435 739 Malaaram
465 676 656 759 quarundam
684 674 810 735 lloribus
841 673 947 736 habitu
979 654 1019 736 etr
1035 677 1142 738 colore

148 799 309 872 tantopere
330 791 531 870 conveniunt,
555 805 590 850 ut
613 790 677 851 sere
699 809 760 851 non
782 787 909 848 disserte
927 788 1100 851 videantur.

209 907 259 964 De
280 906 467 983 Ledocarpo
475 948 487 981 ,
514 926 531 963 a
548 925 596 964 me
615 905 680 985 ipso
701 923 764 963 non
786 903 870 980 viso,
892 923 969 984 quae
986 923 1145 982 moneam,

95 1100 97 1103 v
150 1035 247 1099 panea
274 1034 356 1081 sunt.
417 1021 465 1080 Ex
489 1021 574 1079 icone
605 1018 644 1078 ill.
677 1021 904 1081 Drerourarrms
934 1012 1061 1094 (Mein.
1099 1019 1147 1078 alu

151 1135 244 1209 Mas,
261 1135 363 1193 d’atst.
383 1146 449 1196 nat.
468 1133 534 1194 Vol.
552 1135 602 1196 IV.
622 1131 683 1193 tab.
708 1131 772 1211 13)
794 1128 915 1191 habitus
937 1130 1020 1191 lloris
1036 1131 1147 1211 potius

153 1249 368 1308 Geraniaoeas
395 1270 486 1330 quam
513 1250 702 1321 Oxalideus,
729 1246 917 1326 staminaque
950 1263 1013 1305 non
1041 1242 1149 1304 solum

153 1359 265 1439 libera,
302 1361 470 1423 sedetiam
498 1362 563 1422 basi
593 1359 781 1442 longioribus
802 1357 963 1420 intervallis
993 1371 1146 1441 separata.

152 1475 180 1536 E
200 1475 296 1554 figura
315 1476 468 1554 secunda,
497 1476 629 1563 oalyoem
649 1489 680 1535 et
704 1474 848 1538 fructum
864 1493 934 1532 eum
951 1470 1152 1554 stigmatibus

155 1587 330 1666 exhibente,
351 1589 481 1651 inferres
503 1590 630 1678 carpella
650 1588 756 1669 sepelis
774 1587 943 1667 anteposita
959 1606 1036 1664 esse,
1058 1584 1152 1668 quod

154 1714 257 1760 tamen
271 1703 320 1762 vix
335 1703 491 1782 probabile
509 1719 566 1781 est,
588 1706 644 1765 etsi
661 1705 696 1770 cl.
712 1705 870 1765 Tunrrmus
897 1703 927 1762 in
943 1702 1019 1763 lloro
1037 1714 1152 1783 aperto

155 1815 285 1878 eandem
314 1796 457 1880 indicavit
488 1818 696 1879 directionem.
748 1819 866 1879 Vereor
896 1836 935 1876 ne
965 1816 1067 1898 pictor
1098 1814 1152 1876 ille

123 1975 125 1981 s
155 1929 413 2009 ingeniosissimus
440 1933 579 2012 penicillo
609 1952 665 1993 suo
700 1932 819 2012 saepius
849 1944 975 1990 naturae
999 1927 1153 1990 ordinem

154 2042 332 2124 hujusmodi
354 2045 511 2107 erroribus
528 2046 750 2122 intervenerit,
772 2043 858 2126 qnod
872 2042 1017 2104 fratribus
1035 2045 1152 2122 Banna,

157 2157 229 2237 quia
249 2171 389 2219 naturam
407 2158 614 2238 verebantur,v
639 2179 807 2240 numquam
825 2156 944 2219 accidit.
987 2158 1037 2217 Ex
1061 2157 1153 2218 ioone

151 2278 251 2353 'porro
267 2275 394 2336 stamina
411 2273 551 2339 breviora
572 2295 642 2336 oum
660 2274 796 2355 carpellis
811 2273 1000 2350 alternantia,
1019 2268 1091 2352 (lig.
1102 2272 1152 2352 6.)

157 2385 244 2468 quod
268 2389 380 2451 iterum
402 2390 493 2450 alium
519 2389 660 2451 ordinem
682 2408 907 2468 numerumque
932 2385 1149 2447 verticillorun

155 2499 240 2560 lloris
263 2499 430 2580 indicarem
458 2517 550 2584 atque
574 2505 599 2564 is
623 2517 686 2578 est,
716 2503 769 2583 qui
800 2502 831 2560 in
855 2501 1048 2560 Oxalidibus
1072 2498 1152 2558 veris

157 2613 348 2704 observatur.
371 2619 504 2680 Omnino
526 2617 699 2681 dubitarem
715 2616 849 2698 plantam
866 2613 957 2694 hujus
978 2611 1038 2700 loci
1064 2631 1131 2671 esse
1143 2648 1153 2686 ,

156 2711 225 2790 nisi
244 2749 345 2812 nuper
369 2732 406 2791 ol.
429 2733 659 2810 Cannnssnuns,
695 2730 778 2789 omni
801 2727 861 2787 fide
888 2724 999 2805 dignus
1024 2737 1153 2802 auctor,

158 2844 213 2926 qui
233 2845 343 2925 procul
364 2842 459 2905 dubio
480 2845 616 2925 plantam
641 2847 739 2925 ipsam
762 2840 857 2918 vidit,
891 2840 921 2899 in
941 2837 1152 2899 dissertatione
1171 2896 1173 2898 .

160 2955 200 3018 de
225 2960 396 3036 Caesarea,
428 2954 545 3036 (Mem.
568 2956 611 3018 du
632 2961 711 3020 Mus.
741 2954 840 3016 d'hist.
864 2968 925 3014 nat.
950 2952 1017 3015 Vol.
1038 2952 1154 3016 XVIII.

158 3094 190 3155 p.
214 3070 300 3153 370)
329 3093 431 3154 genus
452 3076 674 3151 Ledocarpum
700 3072 781 3132 inter
806 3073 1023 3130 Geraniaaeas
1045 3085 1157 3126 recen-¹

162 3201 255 3247 seret.
309 3187 474 3249 sufficeret
485 3188 549 3268 jam
570 3208 637 3247 eam
658 3207 674 3246 a
698 3186 769 3248 vlris
783 3184 908 3244 summis
927 3181 1159 3242 Dnsronrmuns

162 3314 195 3361 et
215 3303 418 3363 Dncannomr
452 3302 643 3362 Oxalidibus
667 3298 852 3379 adscriptam
879 3295 983 3355 fuisse.
1036 3291 1158 3352 Forsan

167 3416 360 3478 Oxala‘dr'bas
385 3428 417 3474 et
442 3418 553 3475 Liner's
579 3412 759 3475 intermedia
786 3426 840 3472 est.
891 3413 941 3470 De
969 3407 1026 3466 hae
1054 3420 1159 3467 autem

164 3531 268 3612 planta
286 3527 439 3589 doctiores
460 3525 638 3610 dijudicent.

227 3647 372 3704 Gerania
392 3663 462 3704 eum
482 3644 674 3704 Oxalidibus
695 3641 807 3700 arctius
829 3637 931 3719 jungit
953 3652 1049 3715 genus
1071 3632 1160 3713 plan-

168 3774 288 3836 tarum,
309 3756 347 3818 ab
367 3757 406 3818 ill.
435 3758 472 3819 A.
498 3781 536 3820 nn
563 3760 614 3819 Sr.
635 3758 759 3818 Humum
785 3755 816 3814 in
840 3748 963 3813 Brasilia
981 3739 1159 3830 repertum,

172 3885 203 3931 et
217 3871 254 3932 ab
274 3874 445 3933 acutissimo
458 3875 665 3934 Caunrssnuns
687 3874 865 3932 Caesareae
880 3864 1002 3923 nomine
1022 3859 1160 3940 desorip⁴

171 3999 246 4047 tum.
267 3985 284 4066 (
291 3994 383 4056 Mem.
401 3990 442 4051 du
461 3993 540 4052 Mus.
554 3989 621 4052 Vol.
633 3988 745 4050 XVIII.
758 4003 826 4067 pag.
839 3979 907 4043 ³69.
919 3999 982 4060 seq.
995 3976 1057 4037 tab.
1085 3974 1160 4053 18.)
