<?xml version="1.0" encoding="UTF-8"?>
<!DOCTYPE html PUBLIC "-//W3C//DTD XHTML 1.0 Transitional//EN"
    "http://www.w3.org/TR/xhtml1/DTD/xhtml1-transitional.dtd">
<html xmlns="http://www.w3.org/1999/xhtml" xml:lang="en" lang="en">
 <head>
  <title>
</title>
<meta http-equiv="Content-Type" content="text/html;charset=utf-8" />
  <meta name='ocr-system' content='tesseract 3.04.00' />
  <meta name='ocr-capabilities' content='ocr_page ocr_carea ocr_par ocr_line ocrx_word'/>
</head>
<body>
  <div class='ocr_page' id='page_1' title='image "./defloribusetaff00rpgoog_0059.png"; bbox 0 0 2604 4688; ppageno 0'>
   <div class='ocr_carea' id='block_1_1' title="bbox 515 359 716 422">
    <p class='ocr_par' dir='ltr' id='par_1_1' title="bbox 515 359 716 422">
     <span class='ocr_line' id='line_1_1' title="bbox 515 359 716 422; baseline -0.005 -8"><span class='ocrx_word' id='word_1_1' title='bbox 515 359 716 422; x_wconf 62' lang='lat' dir='ltr'><strong>...ill-.-</strong></span> 
     </span>
    </p>
   </div>
   <div class='ocr_carea' id='block_1_2' title="bbox 7 516 1141 2418">
    <p class='ocr_par' dir='ltr' id='par_1_2' title="bbox 123 516 1118 1147">
     <span class='ocr_line' id='line_1_2' title="bbox 183 516 1113 603; baseline -0.005 -21"><span class='ocrx_word' id='word_1_2' title='bbox 183 522 215 582; x_wconf 84' lang='lat' dir='ltr'><strong>Si</strong></span> <span class='ocrx_word' id='word_1_3' title='bbox 240 542 375 582; x_wconf 86' lang='lat' dir='ltr'><strong>summus</strong></span> <span class='ocrx_word' id='word_1_4' title='bbox 398 537 506 581; x_wconf 78' lang='lat' dir='ltr'>auctor</span> <span class='ocrx_word' id='word_1_5' title='bbox 528 522 560 580; x_wconf 91' lang='lat' dir='ltr'><strong>ln</strong></span> <span class='ocrx_word' id='word_1_6' title='bbox 581 519 756 603; x_wconf 87' lang='lat' dir='ltr'><strong>explicanda</strong></span> <span class='ocrx_word' id='word_1_7' title='bbox 777 525 986 584; x_wconf 82' lang='lat' dir='ltr'><strong>Balsamlnaa</strong></span> <span class='ocrx_word' id='word_1_8' title='bbox 1011 516 1113 581; x_wconf 77' lang='lat' dir='ltr'><strong>indole</strong></span> 
     </span>
     <span class='ocr_line' id='line_1_3' title="bbox 123 633 1115 716; baseline -0.001 -22"><span class='ocrx_word' id='word_1_9' title='bbox 123 633 231 694; x_wconf 85' lang='lat' dir='ltr'><strong>eadem</strong></span> <span class='ocrx_word' id='word_1_10' title='bbox 258 635 436 716; x_wconf 78' lang='lat' dir='ltr'><strong>protulisset</strong></span> <span class='ocrx_word' id='word_1_11' title='bbox 464 656 498 695; x_wconf 89' lang='lat' dir='ltr'><strong>ac</strong></span> <span class='ocrx_word' id='word_1_12' title='bbox 527 657 605 716; x_wconf 86' lang='lat' dir='ltr'><strong>ego,</strong></span> <span class='ocrx_word' id='word_1_13' title='bbox 637 636 835 700; x_wconf 87' lang='lat' dir='ltr'><strong>tractatulum</strong></span> <span class='ocrx_word' id='word_1_14' title='bbox 858 655 962 696; x_wconf 90' lang='lat' dir='ltr'><strong>meum</strong></span> <span class='ocrx_word' id='word_1_15' title='bbox 986 635 1115 694; x_wconf 86' lang='lat' dir='ltr'><strong>llauuuis</strong></span> 
     </span>
     <span class='ocr_line' id='line_1_4' title="bbox 124 749 1117 834; baseline -0.001 -26"><span class='ocrx_word' id='word_1_16' title='bbox 124 750 361 827; x_wconf 82' lang='lat' dir='ltr'><strong>commisissem,</strong></span> <span class='ocrx_word' id='word_1_17' title='bbox 387 751 450 829; x_wconf 88' lang='lat' dir='ltr'><strong>jam</strong></span> <span class='ocrx_word' id='word_1_18' title='bbox 474 764 593 826; x_wconf 90' lang='lat' dir='ltr'><strong>autem,</strong></span> <span class='ocrx_word' id='word_1_19' title='bbox 626 771 723 830; x_wconf 90' lang='lat' dir='ltr'><strong>quum</strong></span> <span class='ocrx_word' id='word_1_20' title='bbox 743 751 830 810; x_wconf 85' lang='lat' dir='ltr'><strong>aliter</strong></span> <span class='ocrx_word' id='word_1_21' title='bbox 852 751 1006 834; x_wconf 86' lang='lat' dir='ltr'><strong>evenerit,</strong></span> <span class='ocrx_word' id='word_1_22' title='bbox 1035 749 1117 807; x_wconf 89' lang='lat' dir='ltr'><strong>inte-</strong></span> 
     </span>
     <span class='ocr_line' id='line_1_5' title="bbox 124 862 1118 945; baseline 0.006 -26"><span class='ocrx_word' id='word_1_23' title='bbox 124 880 209 940; x_wconf 87' lang='lat' dir='ltr'><strong>gram</strong></span> <span class='ocrx_word' id='word_1_24' title='bbox 222 864 515 923; x_wconf 79' lang='lat' dir='ltr'><strong>commentationem</strong></span> <span class='ocrx_word' id='word_1_25' title='bbox 533 864 675 944; x_wconf 87' lang='lat' dir='ltr'><strong>propriae</strong></span> <span class='ocrx_word' id='word_1_26' title='bbox 700 862 821 942; x_wconf 84' lang='lat' dir='ltr'><strong>addam,</strong></span> <span class='ocrx_word' id='word_1_27' title='bbox 847 879 883 925; x_wconf 92' lang='lat' dir='ltr'><strong>ut</strong></span> <span class='ocrx_word' id='word_1_28' title='bbox 907 865 1040 945; x_wconf 90' lang='lat' dir='ltr'><strong>quisquc</strong></span> <span class='ocrx_word' id='word_1_29' title='bbox 1060 882 1118 944; x_wconf 85' lang='lat' dir='ltr'><strong>per</strong></span> 
     </span>
     <span class='ocr_line' id='line_1_6' title="bbox 123 950 1118 1060; baseline 0.003 -28"><span class='ocrx_word' id='word_1_30' title='bbox 123 992 156 1034; x_wconf 86' lang='lat' dir='ltr'><strong>se</strong></span> <span class='ocrx_word' id='word_1_31' title='bbox 176 974 315 1056; x_wconf 90' lang='lat' dir='ltr'><strong>judicare</strong></span> <span class='ocrx_word' id='word_1_32' title='bbox 335 976 439 1057; x_wconf 89' lang='lat' dir='ltr'><strong>possit.</strong></span> <span class='ocrx_word' id='word_1_33' title='bbox 466 975 503 1055; x_wconf 83' lang='lat'><strong>1)</strong></span> <span class='ocrx_word' id='word_1_34' title='bbox 544 950 625 1037; x_wconf 83' lang='lat' dir='ltr'><strong>Ecce</strong></span> <span class='ocrx_word' id='word_1_35' title='bbox 655 998 732 1060; x_wconf 86' lang='lat' dir='ltr'><strong>quae</strong></span> <span class='ocrx_word' id='word_1_36' title='bbox 755 977 936 1040; x_wconf 81' lang='lat' dir='ltr'><strong>clarissimus</strong></span> <span class='ocrx_word' id='word_1_37' title='bbox 961 977 1118 1042; x_wconf 83' lang='lat' dir='ltr'><strong>Kourmus</strong></span> 
     </span>
     <span class='ocr_line' id='line_1_7' title="bbox 125 1085 220 1147; baseline -0.021 0"><span class='ocrx_word' id='word_1_38' title='bbox 125 1085 220 1147; x_wconf 87' lang='lat' dir='ltr'><strong>dicit:</strong></span> 
     </span>
    </p>

    <p class='ocr_par' dir='ltr' id='par_1_3' title="bbox 7 1199 1125 1622">
     <span class='ocr_line' id='line_1_8' title="bbox 7 1199 1120 1285; baseline 0.005 -26"><span class='ocrx_word' id='word_1_39' title='bbox 7 1253 14 1281; x_wconf 85' lang='lat'><strong>.-</strong></span> <span class='ocrx_word' id='word_1_40' title='bbox 30 1219 98 1273; x_wconf 70' lang='lat' dir='ltr'><strong>tel.)</strong></span> <span class='ocrx_word' id='word_1_41' title='bbox 188 1199 306 1275; x_wconf 86' lang='lat' dir='ltr'><strong>„Haud</strong></span> <span class='ocrx_word' id='word_1_42' title='bbox 321 1202 362 1260; x_wconf 86' lang='lat' dir='ltr'><strong>ita</strong></span> <span class='ocrx_word' id='word_1_43' title='bbox 375 1223 445 1263; x_wconf 86' lang='lat' dir='ltr'><strong>raro</strong></span> <span class='ocrx_word' id='word_1_44' title='bbox 465 1203 574 1270; x_wconf 83' lang='lat' dir='ltr'><strong>accidit</strong></span> <span class='ocrx_word' id='word_1_45' title='bbox 587 1217 623 1264; x_wconf 90' lang='lat' dir='ltr'><strong>ut</strong></span> <span class='ocrx_word' id='word_1_46' title='bbox 634 1223 730 1284; x_wconf 86' lang='lat' dir='ltr'><strong>genus</strong></span> <span class='ocrx_word' id='word_1_47' title='bbox 748 1205 921 1285; x_wconf 86' lang='lat' dir='ltr'><strong>plantarum</strong></span> <span class='ocrx_word' id='word_1_48' title='bbox 934 1203 974 1264; x_wconf 92' lang='lat' dir='ltr'><strong>ad</strong></span> <span class='ocrx_word' id='word_1_49' title='bbox 988 1204 1120 1265; x_wconf 83' lang='lat' dir='ltr'><strong>familiae</strong></span> 
     </span>
     <span class='ocr_line' id='line_1_9' title="bbox 124 1292 1122 1396; baseline 0.006 -25"><span class='ocrx_word' id='word_1_50' title='bbox 124 1354 146 1393; x_wconf 81' lang='lat'>„</span> <span class='ocrx_word' id='word_1_51' title='bbox 166 1314 310 1374; x_wconf 87' lang='lat' dir='ltr'><strong>naturalis</strong></span> <span class='ocrx_word' id='word_1_52' title='bbox 342 1314 521 1395; x_wconf 87' lang='lat' dir='ltr'><strong>dignitatem</strong></span> <span class='ocrx_word' id='word_1_53' title='bbox 554 1315 725 1395; x_wconf 77' lang='lat' dir='ltr'><strong>evehatur,</strong></span> <span class='ocrx_word' id='word_1_54' title='bbox 766 1292 928 1396; x_wconf 71' lang='lat' dir='ltr'><strong>in&#39;ptures</strong></span> <span class='ocrx_word' id='word_1_55' title='bbox 965 1317 1122 1377; x_wconf 80' lang='lat' dir='ltr'><strong>sectiones</strong></span> 
     </span>
     <span class='ocr_line' id='line_1_10' title="bbox 127 1427 1123 1512; baseline 0.002 -26"><span class='ocrx_word' id='word_1_56' title='bbox 127 1466 144 1504; x_wconf 83' lang='lat'>„</span> <span class='ocrx_word' id='word_1_57' title='bbox 167 1427 213 1487; x_wconf 89' lang='lat' dir='ltr'><strong>vel</strong></span> <span class='ocrx_word' id='word_1_58' title='bbox 233 1449 358 1509; x_wconf 88' lang='lat' dir='ltr'><strong>quoque</strong></span> <span class='ocrx_word' id='word_1_59' title='bbox 378 1450 489 1509; x_wconf 85' lang='lat' dir='ltr'><strong>genera</strong></span> <span class='ocrx_word' id='word_1_60' title='bbox 508 1427 681 1507; x_wconf 87' lang='lat' dir='ltr'><strong>dividatur,</strong></span> <span class='ocrx_word' id='word_1_61' title='bbox 709 1431 944 1512; x_wconf 83' lang='lat' dir='ltr'><strong>specierumque</strong></span> <span class='ocrx_word' id='word_1_62' title='bbox 970 1447 1123 1489; x_wconf 88' lang='lat' dir='ltr'><strong>numerus</strong></span> 
     </span>
     <span class='ocr_line' id='line_1_11' title="bbox 126 1543 1125 1622; baseline 0.003 -22"><span class='ocrx_word' id='word_1_63' title='bbox 126 1562 352 1622; x_wconf 83' lang='lat' dir='ltr'><strong>„magnopere</strong></span> <span class='ocrx_word' id='word_1_64' title='bbox 379 1557 544 1621; x_wconf 81' lang='lat' dir='ltr'><strong>augeatur,</strong></span> <span class='ocrx_word' id='word_1_65' title='bbox 577 1558 609 1605; x_wconf 88' lang='lat' dir='ltr'><strong>et</strong></span> <span class='ocrx_word' id='word_1_66' title='bbox 629 1544 822 1605; x_wconf 88' lang='lat' dir='ltr'><strong>nihilominus</strong></span> <span class='ocrx_word' id='word_1_67' title='bbox 852 1558 954 1604; x_wconf 86' lang='lat' dir='ltr'><strong>tamen</strong></span> <span class='ocrx_word' id='word_1_68' title='bbox 978 1543 1125 1603; x_wconf 87' lang='lat' dir='ltr'><strong>notiones</strong></span> 
     </span>
    </p>

    <p class='ocr_par' dir='ltr' id='par_1_4' title="bbox 81 1637 1141 2418">
     <span class='ocr_line' id='line_1_12' title="bbox 81 1637 1122 1739; baseline 0.005 -25"><span class='ocrx_word' id='word_1_69' title='bbox 81 1637 88 1662; x_wconf 63' lang='lat'>⁸</span> <span class='ocrx_word' id='word_1_70' title='bbox 126 1701 146 1732; x_wconf 87' lang='lat'><em>„</em></span> <span class='ocrx_word' id='word_1_71' title='bbox 167 1670 290 1714; x_wconf 89' lang='lat' dir='ltr'><strong>nostrae</strong></span> <span class='ocrx_word' id='word_1_72' title='bbox 312 1654 350 1715; x_wconf 92' lang='lat' dir='ltr'><strong>de</strong></span> <span class='ocrx_word' id='word_1_73' title='bbox 376 1655 515 1736; x_wconf 89' lang='lat' dir='ltr'><strong>ejusdem</strong></span> <span class='ocrx_word' id='word_1_74' title='bbox 540 1656 642 1718; x_wconf 90' lang='lat' dir='ltr'><strong>indole</strong></span> <span class='ocrx_word' id='word_1_75' title='bbox 663 1644 807 1739; x_wconf 82' lang='lat' dir='ltr'><strong>peculiari</strong></span> <span class='ocrx_word' id='word_1_76' title='bbox 828 1659 875 1717; x_wconf 82' lang='lat' dir='ltr'><strong>vix</strong></span> <span class='ocrx_word' id='word_1_77' title='bbox 902 1653 1122 1720; x_wconf 82' lang='lat' dir='ltr'><strong>extendantur.</strong></span> 
     </span>
     <span class='ocr_line' id='line_1_13' title="bbox 126 1768 1125 1854; baseline 0.001 -25"><span class='ocrx_word' id='word_1_78' title='bbox 126 1814 146 1846; x_wconf 85' lang='lat'>„</span> <span class='ocrx_word' id='word_1_79' title='bbox 166 1768 315 1850; x_wconf 86' lang='lat' dir='ltr'><strong>Exemplo</strong></span> <span class='ocrx_word' id='word_1_80' title='bbox 334 1771 373 1831; x_wconf 88' lang='lat' dir='ltr'><strong>sit</strong></span> <span class='ocrx_word' id='word_1_81' title='bbox 393 1770 462 1830; x_wconf 92' lang='lat' dir='ltr'><strong>huic</strong></span> <span class='ocrx_word' id='word_1_82' title='bbox 480 1773 637 1834; x_wconf 78' lang='lat' dir='ltr'><strong>assertioni</strong></span> <span class='ocrx_word' id='word_1_83' title='bbox 654 1772 771 1854; x_wconf 87' lang='lat' dir='ltr'><strong>planta,</strong></span> <span class='ocrx_word' id='word_1_84' title='bbox 794 1771 865 1836; x_wconf 87' lang='lat' dir='ltr'><strong>inde</strong></span> <span class='ocrx_word' id='word_1_85' title='bbox 887 1769 925 1830; x_wconf 89' lang='lat' dir='ltr'><strong>ab</strong></span> <span class='ocrx_word' id='word_1_86' title='bbox 944 1768 1125 1850; x_wconf 82' lang='lat' dir='ltr'><strong>antiquissi-</strong></span> 
     </span>
     <span class='ocr_line' id='line_1_14' title="bbox 127 1883 1127 1967; baseline 0 -22"><span class='ocrx_word' id='word_1_87' title='bbox 127 1926 147 1964; x_wconf 85' lang='lat'>„</span> <span class='ocrx_word' id='word_1_88' title='bbox 168 1884 229 1945; x_wconf 91' lang='lat' dir='ltr'><strong>mis·</strong></span> <span class='ocrx_word' id='word_1_89' title='bbox 249 1883 439 1967; x_wconf 83' lang='lat' dir='ltr'><strong>temporibus</strong></span> <span class='ocrx_word' id='word_1_90' title='bbox 470 1885 502 1946; x_wconf 93' lang='lat' dir='ltr'><strong>in</strong></span> <span class='ocrx_word' id='word_1_91' title='bbox 530 1885 627 1947; x_wconf 88' lang='lat' dir='ltr'><strong>hortis</strong></span> <span class='ocrx_word' id='word_1_92' title='bbox 654 1887 746 1965; x_wconf 88' lang='lat' dir='ltr'><strong>culta,</strong></span> <span class='ocrx_word' id='word_1_93' title='bbox 775 1887 918 1946; x_wconf 91' lang='lat' dir='ltr'><strong>nimirum</strong></span> <span class='ocrx_word' id='word_1_94' title='bbox 941 1888 1127 1967; x_wconf 71' lang='lat' dir='ltr'><strong>Impatiens</strong></span> 
     </span>
     <span class='ocr_line' id='line_1_15' title="bbox 129 2000 1123 2080; baseline 0.001 -21"><span class='ocrx_word' id='word_1_95' title='bbox 129 2037 146 2075; x_wconf 79' lang='lat'>„</span> <span class='ocrx_word' id='word_1_96' title='bbox 167 2000 360 2064; x_wconf 80' lang='lat' dir='ltr'><strong>Balscmina</strong></span> <span class='ocrx_word' id='word_1_97' title='bbox 376 2001 502 2065; x_wconf 78' lang='lat' dir='ltr'><strong>Linutst</strong></span> <span class='ocrx_word' id='word_1_98' title='bbox 563 2003 662 2080; x_wconf 86' lang='lat' dir='ltr'><strong>Spero</strong></span> <span class='ocrx_word' id='word_1_99' title='bbox 675 2001 903 2061; x_wconf 88' lang='lat' dir='ltr'><strong>observationes</strong></span> <span class='ocrx_word' id='word_1_100' title='bbox 922 2019 998 2080; x_wconf 89' lang='lat' dir='ltr'><strong>quas</strong></span> <span class='ocrx_word' id='word_1_101' title='bbox 1019 2001 1123 2060; x_wconf 85' lang='lat' dir='ltr'><strong>statim</strong></span> 
     </span>
     <span class='ocr_line' id='line_1_16' title="bbox 128 2108 1125 2193; baseline 0.004 -25"><span class='ocrx_word' id='word_1_102' title='bbox 128 2154 148 2186; x_wconf 89' lang='lat'><em>„</em></span> <span class='ocrx_word' id='word_1_103' title='bbox 170 2108 289 2169; x_wconf 86' lang='lat' dir='ltr'><strong>tradam</strong></span> <span class='ocrx_word' id='word_1_104' title='bbox 306 2110 489 2192; x_wconf 88' lang='lat' dir='ltr'><strong>probaturas</strong></span> <span class='ocrx_word' id='word_1_105' title='bbox 507 2133 592 2190; x_wconf 81' lang='lat' dir='ltr'><strong>csse,</strong></span> <span class='ocrx_word' id='word_1_106' title='bbox 622 2133 724 2174; x_wconf 89' lang='lat' dir='ltr'><strong>veram</strong></span> <span class='ocrx_word' id='word_1_107' title='bbox 741 2111 875 2173; x_wconf 88' lang='lat' dir='ltr'><strong>indolem</strong></span> <span class='ocrx_word' id='word_1_108' title='bbox 892 2112 989 2193; x_wconf 56' lang='lat' dir='ltr'><strong>hujus¹</strong></span> <span class='ocrx_word' id='word_1_109' title='bbox 1000 2112 1125 2192; x_wconf 82' lang='lat' dir='ltr'><strong>plantas</strong></span> 
     </span>
     <span class='ocr_line' id='line_1_17' title="bbox 128 2221 1141 2307; baseline 0.003 -26"><span class='ocrx_word' id='word_1_110' title='bbox 128 2221 315 2299; x_wconf 66' lang='lat' dir='ltr'><strong>,hactenus</strong></span> <span class='ocrx_word' id='word_1_111' title='bbox 340 2225 497 2290; x_wconf 87' lang='lat' dir='ltr'><strong>botanicos</strong></span> <span class='ocrx_word' id='word_1_112' title='bbox 519 2225 663 2305; x_wconf 88' lang='lat' dir='ltr'><strong>latuisse,</strong></span> <span class='ocrx_word' id='word_1_113' title='bbox 700 2226 920 2307; x_wconf 84' lang='lat' dir='ltr'><strong>etsi&#39;repetitis</strong></span> <span class='ocrx_word' id='word_1_114' title='bbox 942 2225 1063 2288; x_wconf 88' lang='lat' dir='ltr'><strong>vicibus</strong></span> <span class='ocrx_word' id='word_1_115' title='bbox 1084 2224 1141 2285; x_wconf 88' lang='lat' dir='ltr'><strong>ds.</strong></span> 
     </span>
     <span class='ocr_line' id='line_1_18' title="bbox 129 2333 953 2418; baseline 0.004 -22"><span class='ocrx_word' id='word_1_116' title='bbox 129 2376 147 2414; x_wconf 86' lang='lat'>„</span> <span class='ocrx_word' id='word_1_117' title='bbox 170 2358 205 2400; x_wconf 83' lang='lat' dir='ltr'><strong>ea</strong></span> <span class='ocrx_word' id='word_1_118' title='bbox 228 2352 367 2418; x_wconf 87' lang='lat' dir='ltr'><strong>egerunt.</strong></span> <span class='ocrx_word' id='word_1_119' title='bbox 376 2337 394 2366; x_wconf 82' lang='lat'><strong>&#39;⁸</strong></span> <span class='ocrx_word' id='word_1_120' title='bbox 952 2333 953 2336; x_wconf 26' lang='lat'>¹</span> 
     </span>
    </p>
   </div>
   <div class='ocr_carea' id='block_1_3' title="bbox 191 2453 1120 2537">
    <p class='ocr_par' dir='ltr' id='par_1_5' title="bbox 191 2453 1120 2537">
     <span class='ocr_line' id='line_1_19' title="bbox 191 2453 1120 2537; baseline -0.001 -23"><span class='ocrx_word' id='word_1_121' title='bbox 191 2456 372 2527; x_wconf 71' lang='lat' dir='ltr'><strong>„Licinianus</strong></span> <span class='ocrx_word' id='word_1_122' title='bbox 391 2454 461 2514; x_wconf 90' lang='lat' dir='ltr'><strong>huic</strong></span> <span class='ocrx_word' id='word_1_123' title='bbox 491 2457 611 2536; x_wconf 84' lang='lat' dir='ltr'><strong>plantae</strong></span> <span class='ocrx_word' id='word_1_124' title='bbox 638 2456 746 2516; x_wconf 87' lang='lat' dir='ltr'><strong>tribuit</strong></span> <span class='ocrx_word' id='word_1_125' title='bbox 771 2457 904 2532; x_wconf 86' lang='lat' dir='ltr'><strong>calycem</strong></span> <span class='ocrx_word' id='word_1_126' title='bbox 931 2453 1120 2537; x_wconf 76' lang='lat' dir='ltr'><strong>diphyllum,</strong></span> 
     </span>
    </p>
   </div>
   <div class='ocr_carea' id='block_1_4' title="bbox 3 2566 1129 3574">
    <p class='ocr_par' dir='ltr' id='par_1_6' title="bbox 3 2566 1129 3574">
     <span class='ocr_line' id='line_1_20' title="bbox 129 2566 1125 2654; baseline 0.005 -30"><span class='ocrx_word' id='word_1_127' title='bbox 129 2605 149 2647; x_wconf 89' lang='lat'>„</span> <span class='ocrx_word' id='word_1_128' title='bbox 170 2566 269 2646; x_wconf 87' lang='lat' dir='ltr'><strong>petala</strong></span> <span class='ocrx_word' id='word_1_129' title='bbox 288 2568 424 2650; x_wconf 89' lang='lat' dir='ltr'><strong>quinque</strong></span> <span class='ocrx_word' id='word_1_130' title='bbox 450 2571 637 2654; x_wconf 80' lang='lat' dir='ltr'><strong>inaequalia,</strong></span> <span class='ocrx_word' id='word_1_131' title='bbox 657 2572 826 2638; x_wconf 84' lang='lat' dir='ltr'><strong>nectarium</strong></span> <span class='ocrx_word' id='word_1_132' title='bbox 846 2592 963 2648; x_wconf 91' lang='lat' dir='ltr'><strong>unum,</strong></span> <span class='ocrx_word' id='word_1_133' title='bbox 984 2570 1125 2630; x_wconf 80' lang='lat' dir='ltr'><strong>orarium</strong></span> 
     </span>
     <span class='ocr_line' id='line_1_21' title="bbox 129 2680 1125 2768; baseline -0.002 -24"><span class='ocrx_word' id='word_1_134' title='bbox 129 2725 150 2756; x_wconf 79' lang='lat'><em>„</em></span> <span class='ocrx_word' id='word_1_135' title='bbox 171 2680 314 2760; x_wconf 69' lang='lat' dir='ltr'><strong>unicum,</strong></span> <span class='ocrx_word' id='word_1_136' title='bbox 351 2685 458 2766; x_wconf 81' lang='lat' dir='ltr'><strong>stigma</strong></span> <span class='ocrx_word' id='word_1_137' title='bbox 492 2687 594 2747; x_wconf 88' lang='lat' dir='ltr'><strong>sessile</strong></span> <span class='ocrx_word' id='word_1_138' title='bbox 631 2682 845 2768; x_wconf 89' lang='lat' dir='ltr'><strong>capsulamque</strong></span> <span class='ocrx_word' id='word_1_139' title='bbox 880 2684 1125 2758; x_wconf 86' lang='lat' dir='ltr'><strong>unilocularem,</strong></span> 
     </span>
     <span class='ocr_line' id='line_1_22' title="bbox 129 2794 1125 2882; baseline -0.004 -24"><span class='ocrx_word' id='word_1_140' title='bbox 129 2841 149 2879; x_wconf 90' lang='lat'>„</span> <span class='ocrx_word' id='word_1_141' title='bbox 170 2797 414 2880; x_wconf 85' lang='lat' dir='ltr'><strong>polyspermam,</strong></span> <span class='ocrx_word' id='word_1_142' title='bbox 440 2799 563 2860; x_wconf 86' lang='lat' dir='ltr'><strong>valvulis</strong></span> <span class='ocrx_word' id='word_1_143' title='bbox 583 2800 720 2882; x_wconf 89' lang='lat' dir='ltr'><strong>quinque</strong></span> <span class='ocrx_word' id='word_1_144' title='bbox 741 2797 960 2859; x_wconf 87' lang='lat' dir='ltr'><strong>dehiscentem.</strong></span> <span class='ocrx_word' id='word_1_145' title='bbox 1002 2794 1125 2858; x_wconf 84' lang='lat' dir='ltr'><strong>Eodem</strong></span> 
     </span>
     <span class='ocr_line' id='line_1_23' title="bbox 129 2909 1127 2993; baseline -0.001 -22"><span class='ocrx_word' id='word_1_146' title='bbox 129 2952 150 2986; x_wconf 78' lang='lat'><strong>„</strong></span> <span class='ocrx_word' id='word_1_147' title='bbox 172 2910 237 2971; x_wconf 87' lang='lat' dir='ltr'><strong>fere</strong></span> <span class='ocrx_word' id='word_1_148' title='bbox 264 2909 357 2973; x_wconf 92' lang='lat' dir='ltr'><strong>modo</strong></span> <span class='ocrx_word' id='word_1_149' title='bbox 380 2910 419 2977; x_wconf 77' lang='grc' dir='ltr'><strong>Δ.</strong></span> <span class='ocrx_word' id='word_1_150' title='bbox 444 2913 480 2976; x_wconf 87' lang='lat' dir='ltr'><strong>L.</strong></span> <span class='ocrx_word' id='word_1_151' title='bbox 508 2934 548 2974; x_wconf 82' lang='lat' dir='ltr'><strong>us</strong></span> <span class='ocrx_word' id='word_1_152' title='bbox 570 2916 689 2976; x_wconf 81' lang='lat' dir='ltr'><strong>Jussruu</strong></span> <span class='ocrx_word' id='word_1_153' title='bbox 713 2912 841 2974; x_wconf 88' lang='lat' dir='ltr'><strong>eandem</strong></span> <span class='ocrx_word' id='word_1_154' title='bbox 873 2912 1058 2993; x_wconf 85' lang='lat' dir='ltr'><strong>descripsit,</strong></span> <span class='ocrx_word' id='word_1_155' title='bbox 1092 2909 1127 2971; x_wconf 89' lang='lat' dir='ltr'><strong>in</strong></span> 
     </span>
     <span class='ocr_line' id='line_1_24' title="bbox 3 3023 1129 3108; baseline 0.003 -24"><span class='ocrx_word' id='word_1_156' title='bbox 3 3074 20 3100; x_wconf 95' lang='grc'><em>.</em></span> <span class='ocrx_word' id='word_1_157' title='bbox 33 3045 102 3108; x_wconf 70' lang='lat'><strong>335„</strong></span> <span class='ocrx_word' id='word_1_158' title='bbox 129 3065 150 3102; x_wconf 82' lang='lat'>„</span> <span class='ocrx_word' id='word_1_159' title='bbox 170 3023 230 3093; x_wconf 88' lang='lat' dir='ltr'><strong>hoo</strong></span> <span class='ocrx_word' id='word_1_160' title='bbox 269 3037 370 3086; x_wconf 89' lang='lat' dir='ltr'><strong>tamen</strong></span> <span class='ocrx_word' id='word_1_161' title='bbox 401 3024 581 3090; x_wconf 86' lang='lat' dir='ltr'><strong>dissentiens</strong></span> <span class='ocrx_word' id='word_1_162' title='bbox 614 3049 631 3093; x_wconf 91' lang='lat' dir='ltr'><strong>a</strong></span> <span class='ocrx_word' id='word_1_163' title='bbox 658 3031 814 3106; x_wconf 74' lang='lat' dir='ltr'><strong>Limane,</strong></span> <span class='ocrx_word' id='word_1_164' title='bbox 852 3024 939 3108; x_wconf 89' lang='lat' dir='ltr'><strong>quod</strong></span> <span class='ocrx_word' id='word_1_165' title='bbox 970 3023 1129 3106; x_wconf 82' lang='lat' dir='ltr'><strong>capsulam</strong></span> 
     </span>
     <span class='ocr_line' id='line_1_25' title="bbox 128 3136 1129 3226; baseline -0.002 -26"><span class='ocrx_word' id='word_1_166' title='bbox 128 3140 473 3225; x_wconf 66' lang='lat' dir='ltr'><strong>,quinquelocularem</strong></span> <span class='ocrx_word' id='word_1_167' title='bbox 498 3140 572 3203; x_wconf 91' lang='lat' dir='ltr'><strong>dicit</strong></span> <span class='ocrx_word' id='word_1_168' title='bbox 580 3153 600 3220; x_wconf 66' lang='lat'><strong>‚²</strong></span> <span class='ocrx_word' id='word_1_169' title='bbox 629 3158 666 3205; x_wconf 56' lang='lat' dir='ltr'><strong>¹et</strong></span> <span class='ocrx_word' id='word_1_170' title='bbox 689 3155 823 3226; x_wconf 86' lang='lat' dir='ltr'><strong>quatuor</strong></span> <span class='ocrx_word' id='word_1_171' title='bbox 845 3139 1041 3201; x_wconf 90' lang='lat' dir='ltr'><strong>solummodo</strong></span> <span class='ocrx_word' id='word_1_172' title='bbox 1069 3136 1129 3198; x_wconf 86' lang='lat' dir='ltr'><strong>ad·</strong></span> 
     </span>
     <span class='ocr_line' id='line_1_26' title="bbox 127 3253 959 3342; baseline -0.005 -25"><span class='ocrx_word' id='word_1_173' title='bbox 127 3297 147 3337; x_wconf 79' lang='lat'><em>„</em></span> <span class='ocrx_word' id='word_1_174' title='bbox 168 3255 263 3319; x_wconf 87' lang='lat' dir='ltr'><strong>mittit</strong></span> <span class='ocrx_word' id='word_1_175' title='bbox 281 3256 400 3337; x_wconf 86' lang='lat' dir='ltr'><strong>petala,</strong></span> <span class='ocrx_word' id='word_1_176' title='bbox 428 3277 563 3342; x_wconf 89' lang='lat' dir='ltr'><strong>quorum</strong></span> <span class='ocrx_word' id='word_1_177' title='bbox 583 3256 710 3320; x_wconf 76' lang='lat' dir='ltr'><strong>iuferius</strong></span> <span class='ocrx_word' id='word_1_178' title='bbox 735 3253 959 3315; x_wconf 68' lang='lat' dir='ltr'><strong>cameratum-&#39;⁹</strong></span> 
     </span>
     <span class='ocr_line' id='line_1_27' title="bbox 186 3364 1129 3453; baseline -0.003 -26"><span class='ocrx_word' id='word_1_179' title='bbox 186 3409 209 3446; x_wconf 89' lang='lat'><strong>.„</strong></span> <span class='ocrx_word' id='word_1_180' title='bbox 218 3369 318 3451; x_wconf 87' lang='lat' dir='ltr'><strong>Major</strong></span> <span class='ocrx_word' id='word_1_181' title='bbox 344 3390 415 3452; x_wconf 89' lang='lat' dir='ltr'><strong>pars</strong></span> <span class='ocrx_word' id='word_1_182' title='bbox 439 3387 601 3433; x_wconf 88' lang='lat' dir='ltr'><strong>auctorum</strong></span> <span class='ocrx_word' id='word_1_183' title='bbox 621 3373 675 3453; x_wconf 92' lang='lat' dir='ltr'><strong>qui</strong></span> <span class='ocrx_word' id='word_1_184' title='bbox 701 3383 774 3453; x_wconf 88' lang='lat' dir='ltr'><strong>post</strong></span> <span class='ocrx_word' id='word_1_185' title='bbox 801 3387 937 3430; x_wconf 89' lang='lat' dir='ltr'><strong>summos</strong></span> <span class='ocrx_word' id='word_1_186' title='bbox 958 3364 1025 3427; x_wconf 89' lang='lat' dir='ltr'><strong>illos</strong></span> <span class='ocrx_word' id='word_1_187' title='bbox 1045 3364 1129 3433; x_wconf 82' lang='lat' dir='ltr'><strong>viros</strong></span> 
     </span>
     <span class='ocr_line' id='line_1_28' title="bbox 130 3481 1128 3574; baseline -0.004 -28"><span class='ocrx_word' id='word_1_188' title='bbox 130 3527 152 3562; x_wconf 82' lang='lat'><strong>„</strong></span> <span class='ocrx_word' id='word_1_189' title='bbox 173 3481 212 3546; x_wconf 90' lang='lat' dir='ltr'><strong>de</strong></span> <span class='ocrx_word' id='word_1_190' title='bbox 236 3488 428 3556; x_wconf 78' lang='lat' dir='ltr'><strong>Balsamlna</strong></span> <span class='ocrx_word' id='word_1_191' title='bbox 459 3501 612 3574; x_wconf 80' lang='lat' dir='ltr'><strong>egerunt,</strong></span> <span class='ocrx_word' id='word_1_192' title='bbox 645 3487 836 3551; x_wconf 84' lang='lat' dir='ltr'><strong>characteres</strong></span> <span class='ocrx_word' id='word_1_193' title='bbox 866 3484 960 3547; x_wconf 88' lang='lat' dir='ltr'><strong>hosce</strong></span> <span class='ocrx_word' id='word_1_194' title='bbox 991 3483 1128 3543; x_wconf 85' lang='lat' dir='ltr'><strong>incertos</strong></span> 
     </span>
    </p>
   </div>
   <div class='ocr_carea' id='block_1_5' title="bbox 129 3727 1134 4036">
    <p class='ocr_par' dir='ltr' id='par_1_7' title="bbox 129 3727 1134 4036">
     <span class='ocr_line' id='line_1_29' title="bbox 186 3727 1129 3795; baseline -0.005 -11"><span class='ocrx_word' id='word_1_195' title='bbox 186 3738 217 3790; x_wconf 83' lang='lat'><strong>1)</strong></span> <span class='ocrx_word' id='word_1_196' title='bbox 231 3735 332 3792; x_wconf 84' lang='lat' dir='ltr'><strong>Titulus</strong></span> <span class='ocrx_word' id='word_1_197' title='bbox 347 3739 564 3795; x_wconf 77' lang='lat' dir='ltr'><strong>commentationi:</strong></span> <span class='ocrx_word' id='word_1_198' title='bbox 582 3742 656 3786; x_wconf 78' lang='lat' dir='ltr'><strong>Notice</strong></span> <span class='ocrx_word' id='word_1_199' title='bbox 668 3752 705 3785; x_wconf 74' lang='lat' dir='ltr'><strong>seer</strong></span> <span class='ocrx_word' id='word_1_200' title='bbox 718 3738 741 3784; x_wconf 78' lang='lat' dir='ltr'><strong>la</strong></span> <span class='ocrx_word' id='word_1_201' title='bbox 753 3727 877 3790; x_wconf 63' lang='lat' dir='ltr'><strong>Bromios</strong></span> <span class='ocrx_word' id='word_1_202' title='bbox 890 3734 927 3780; x_wconf 78' lang='lat' dir='ltr'><strong>des</strong></span> <span class='ocrx_word' id='word_1_203' title='bbox 936 3733 1024 3787; x_wconf 58' lang='lat' dir='ltr'><strong>iodim</strong></span> <span class='ocrx_word' id='word_1_204' title='bbox 1036 3735 1129 3791; x_wconf 67' lang='grc' dir='ltr'>(ιαμ-</span> 
     </span>
     <span class='ocr_line' id='line_1_30' title="bbox 129 3808 1134 3874; baseline -0.003 -12"><span class='ocrx_word' id='word_1_205' title='bbox 129 3818 184 3864; x_wconf 77' lang='lat' dir='ltr'><strong>tiens</strong></span> <span class='ocrx_word' id='word_1_206' title='bbox 205 3818 331 3866; x_wconf 66' lang='lat' dir='ltr'><strong>acumine</strong></span> <span class='ocrx_word' id='word_1_207' title='bbox 352 3818 395 3868; x_wconf 75' lang='lat' dir='ltr'><strong>L)</strong></span> <span class='ocrx_word' id='word_1_208' title='bbox 416 3830 460 3874; x_wconf 81' lang='lat' dir='ltr'><strong>pat</strong></span> <span class='ocrx_word' id='word_1_209' title='bbox 480 3818 516 3864; x_wconf 81' lang='lat' dir='ltr'><strong>M.</strong></span> <span class='ocrx_word' id='word_1_210' title='bbox 532 3818 673 3866; x_wconf 79' lang='lat' dir='ltr'>CHARLES</span> <span class='ocrx_word' id='word_1_211' title='bbox 695 3817 811 3865; x_wconf 80' lang='lat' dir='ltr'>KUNTH</span> <span class='ocrx_word' id='word_1_212' title='bbox 819 3847 826 3868; x_wconf 84' lang='lat'>‚</span> <span class='ocrx_word' id='word_1_213' title='bbox 848 3813 940 3868; x_wconf 77' lang='lat' dir='ltr'><strong>membre</strong></span> <span class='ocrx_word' id='word_1_214' title='bbox 961 3814 990 3862; x_wconf 76' lang='lat' dir='ltr'><strong>de</strong></span> <span class='ocrx_word' id='word_1_215' title='bbox 1011 3813 1036 3860; x_wconf 78' lang='grc' dir='ltr'><strong>Ιι</strong></span> <span class='ocrx_word' id='word_1_216' title='bbox 1053 3808 1134 3871; x_wconf 60' lang='lat' dir='ltr'><strong>sectae</strong></span> 
     </span>
     <span class='ocr_line' id='line_1_31' title="bbox 129 3888 1128 3946; baseline -0.002 -4"><span class='ocrx_word' id='word_1_217' title='bbox 129 3897 240 3942; x_wconf 74' lang='lat' dir='ltr'><strong>d&#39;histoire</strong></span> <span class='ocrx_word' id='word_1_218' title='bbox 254 3897 356 3945; x_wconf 80' lang='lat' dir='ltr'><strong>naturelle</strong></span> <span class='ocrx_word' id='word_1_219' title='bbox 369 3896 394 3942; x_wconf 80' lang='lat' dir='ltr'><strong>de</strong></span> <span class='ocrx_word' id='word_1_220' title='bbox 408 3896 476 3941; x_wconf 81' lang='lat' dir='ltr'><strong>Paris.</strong></span> <span class='ocrx_word' id='word_1_221' title='bbox 493 3893 579 3946; x_wconf 77' lang='lat' dir='ltr'><strong>(Me‘m.</strong></span> <span class='ocrx_word' id='word_1_222' title='bbox 594 3898 619 3943; x_wconf 82' lang='lat' dir='ltr'><strong>de</strong></span> <span class='ocrx_word' id='word_1_223' title='bbox 635 3897 657 3944; x_wconf 75' lang='lat' dir='ltr'><strong>ie</strong></span> <span class='ocrx_word' id='word_1_224' title='bbox 671 3913 711 3946; x_wconf 67' lang='lat' dir='ltr'><strong>soa</strong></span> <span class='ocrx_word' id='word_1_225' title='bbox 725 3896 800 3943; x_wconf 70' lang='lat' dir='ltr'><strong>attin.</strong></span> <span class='ocrx_word' id='word_1_226' title='bbox 818 3902 866 3942; x_wconf 74' lang='lat' dir='ltr'><strong>nal.</strong></span> <span class='ocrx_word' id='word_1_227' title='bbox 882 3894 910 3940; x_wconf 77' lang='lat' dir='ltr'><strong>de</strong></span> <span class='ocrx_word' id='word_1_228' title='bbox 926 3893 989 3939; x_wconf 75' lang='lat' dir='ltr'><strong>Paris</strong></span> <span class='ocrx_word' id='word_1_229' title='bbox 1004 3889 1062 3940; x_wconf 82' lang='lat' dir='ltr'><strong>Vol·</strong></span> <span class='ocrx_word' id='word_1_230' title='bbox 1078 3888 1128 3936; x_wconf 73' lang='grc' dir='ltr'><strong>ΠΙ·</strong></span> 
     </span>
     <span class='ocr_line' id='line_1_32' title="bbox 131 3973 525 4036; baseline 0.018 -17"><span class='ocrx_word' id='word_1_231' title='bbox 131 3987 153 4036; x_wconf 71' lang='lat' dir='ltr'><strong>tt</strong></span> <span class='ocrx_word' id='word_1_232' title='bbox 172 3973 299 4024; x_wconf 62' lang='lat' dir='ltr'><strong>ssi-ssi.</strong></span> <span class='ocrx_word' id='word_1_233' title='bbox 319 3976 420 4026; x_wconf 71' lang='lat' dir='ltr'><strong>(cerole</strong></span> <span class='ocrx_word' id='word_1_234' title='bbox 436 3973 525 4026; x_wconf 72' lang='lat'>1827.)</span> 
     </span>
    </p>
   </div>
   <div class='ocr_carea' id='block_1_6' title="bbox 0 0 1326 4688">
    <p class='ocr_par' dir='ltr' id='par_1_8' title="bbox 0 0 1326 4688">
     <span class='ocr_line' id='line_1_33' title="bbox 0 0 1326 4688; baseline 0 0"><span class='ocrx_word' id='word_1_235' title='bbox 0 0 1326 4688; x_wconf 95' lang='lat' dir='ltr'><strong> </strong></span> 
     </span>
    </p>
   </div>
  </div>
 </body>
</html>
