2626 4688
559 426 761 485 235..

154 584 410 670 dissipabuntur,
457 605 548 666 quam
566 586 623 644 rite
649 583 769 664 cogrtita
791 580 836 642 vel
862 578 991 664 probata
1018 564 1154 645 absentia

161 701 299 766 verticilli
316 700 484 784 pentameri
501 698 686 780 glandulosi‚
708 696 815 780 petalis
825 696 1065 780 staminibusque
1078 697 1153 762 bre-

153 816 298 880 :vioribus
317 813 497 896 interpositi.
529 816 578 874 Ex
601 811 805 872 eruditissimo
822 815 967 872 Kuntlu'o
983 812 1000 890 (
1008 815 1153 898 Synopsis

155 932 261 1016 plant.
285 930 340 991 111.
357 927 402 1010 p.
427 920 518 1009 228.)
552 929 582 986 in
611 917 803 988 Oxalldt'biss
824 924 1007 1007 quibusdam
1028 927 1156 989 stamina

157 1044 277 1107 adsunt
308 1042 398 1123 plura
431 1055 522 1124 quam
548 1040 677 1118 decem,
713 1037 904 1099 illustrissimi
928 1042 1157 1103 Ducsuoo'nmns

158 1174 199 1221 et
221 1157 259 1219 A.
277 1178 316 1218 ms
342 1159 393 1217 Sr.
421 1157 547 1217 Brumae
570 1155 609 1214 de
630 1155 685 1213 hae
706 1151 883 1234 exceptione
904 1153 1001 1216 silent.
1058 1155 1157 1217 Amici

160 1270 322 1335 ‘cleiissimi
342 1272 502 1332 Zucctnnn
520 1266 769 1350 monographiam
796 1270 973 1329 Oxolldum
991 1271 1158 1334 Auerna.

166 1408 287 1449 aarum
312 1406 373 1445 non
397 1384 468 1445 vidi.
520 1387 556 1444 In
575 1383 734 1465 speciebus
758 1402 832 1463 quas
852 1380 994 1462 possideo
1016 1382 1158 1449 omnibus

164 1499 295 1561 sumina
316 1497 472 1558 numeravi
492 1497 608 1558 decem.
664 1494 841 1558 verosimile
865 1510 911 1555 est
934 1498 1051 1577 speeies
1071 1500 1161 1581 poly.

142 1629 324 1683 ‘stemones
347 1613 524 1674 staminibus
550 1610 682 1693 gaudere
707 1610 842 1691 quinque
867 1609 1076 1689 longioribus,
1092 1612 1162 1674 ‘de-

163 1748 239 1790 nom
262 1725 477 1804 brevioribus,
511 1725 665 1804 prioribus
686 1743 743 1805 per
767 1724 851 1803 paria
880 1725 1076 1806 interpositis.
1127 1729 1163 1790 si

171 1858 251 1925 qum
271 1855 364 1903 erunt
381 1838 496 1920 species
510 1839 709 1918 pentandrse,
734 1838 788 1897 illis
810 1839 936 1897 stamina
951 1839 1093 1902 breviora
1110 1857 1163 1904 eut

166 1953 323 2032 'deerunt‚
353 1967 407 2014 aut
433 1953 540 2014 saltem
559 1966 651 2014 erunt
678 1951 800 2011 sterilia.
824 1947 860 2031 ¹)
886 1984 926 2000 -·
966 1954 1003 2013 In
1027 1954 1162 2036 apicibus

170 2066 350 2131 lucinianum
377 2069 485 2146 calycis
508 2065 664 2127 interdum
700 2062 837 2125 videmus
862 2064 955 2125 lineas
979 2065 1054 2128 duas
1079 2069 1165 2151 glan-

171 2180 313 2260 dulosae,
335 2201 418 2241 nunc
439 2179 617 2257 distinctas,
638 2198 720 2238 nune
742 2178 826 2258 apice
849 2178 1037 2240 confluentes
1049 2224 1060 2260 ,
1082 2202 1164 2245 nunc

173 2297 299 2359 omnino
325 2297 357 2355 iu
381 2310 533 2376 punctum
563 2293 650 2375 quasi
674 2303 863 2368 contractas,
897 2293 1085 2356 macularum
1113 2312 1167 2360 aut

175 2409 389 2493 glandularum
416 2410 539 2469 nomine
566 2407 604 2466 ab
625 2402 800 2466 auctoribus
825 2403 1006 2486 designatas.
1048 2408 1166 2473 Similes

143 2500 149 2507 ’
173 2526 311 2610 maculae
332 2537 501 2583 occurrunt
521 2523 550 2581 in
566 2520 643 2581 foliis
663 2521 834 2602 specierum
843 2520 1065 2602 plurimarum,
1086 2545 1169 2587 nunc

176 2656 234 2721 per
252 2630 349 2699 totam
373 2635 436 2695 folii
458 2637 599 2718 peginam
620 2634 846 2711 disseminatae,
875 2654 957 2695 nunc
981 2640 1170 2718 marginibus

175 2749 357 2827 insidentes,
378 2769 460 2809 nunc
477 2749 539 2810 folii
555 2750 629 2831 epici
645 2750 784 2809 insertae.
806 2750 932 2808 leonem
949 2750 1172 2837 glandulerum,

179 2865 227 2927 vel
243 2865 345 2946 potius
372 2863 559 2923 macularum
587 2840 667 2941 folii,
690 2861 777 2923 dedit
799 2865 972 2938 dicosanus,
1003 2865 1069 2950 (Jc.
1101 2890 1171 2931 rar.

183 2980 302 3038 Oxaltsst
330 2980 504 3039 versicolor
534 2991 557 3037 t.
582 2969 673 3056 tta.)
704 2976 793 3037 ealles
821 2979 853 3038 in
884 2979 968 3059 apice
998 2983 1173 3063 sepulcrum

183 3090 323 3172 figuravit
345 3090 385 3150 ill.
406 3089 443 3150 A.
463 3110 502 3150 urs
523 3092 574 3150 Sr.
604 3090 749 3171 linaiis,
770 3089 867 3171 (lior.
884 3094 967 3153 Bras.
983 3094 1092 3157 merid.
1107 3100 1132 3158 I.
1149 3112 1171 3160 t.

181 3208 233 3269 25.
265 3206 314 3286 fig.
347 3203 416 3287 1.).
471 3204 560 3267 Idem
587 3208 728 3286 egregius
753 3205 912 3267 botanicus
939 3205 1015 3270 dixit
1032 3202 1175 3285 maculas

182 3318 341 3380 efformari
360 3319 474 3379 cellulis
490 3339 581 3379 succo
600 3321 726 3402 proprio
740 3320 863 3402 repletis
886 3319 924 3401 (l.
945 3343 973 3401 e,
994 3295 1062 3405 pag.
1087 3324 1174 3405 127).

183 3432 302 3495 Similes
322 3432 471 3510 maculas,
494 3434 555 3494 tani
576 3434 607 3493 in
628 3433 726 3513 foliis,
757 3456 848 3516 quarn
863 3435 894 3495 in
917 3436 1087 3514 calycibus‚
1120 3437 1178 3498 ob-

185 3546 291 3608 ierunt
310 3547 406 3609 oculis
433 3547 545 3606 nostris
572 3548 690 3626 generis
712 3552 935 3628 lysimachiae
957 3552 1073 3630 species
1094 3572 1179 3612 eom-

185 3660 309 3746 plures,
347 3662 494 3754 similibus
525 3661 729 3723 efformantur
757 3663 848 3723 vittae
890 3664 1177 3745 Umbelliferarum.

243 3906 270 3960 n
295 3905 326 3952 In
350 3903 381 3950 n.
401 3901 543 3952 nuurnn
565 3905 653 3967 synopes
671 3907 704 3964 pt.
725 3922 770 3965 aeq.
786 3905 835 3953 111.
856 3920 881 3963 p.
902 3905 962 3961 233,
978 3874 1052 3954 esais
1063 3878 1183 3970 psam.

187 3984 337 4049 tequutttt
353 3983 454 4031 oxalida
464 3985 598 4045 pentasemi
612 3985 712 4032 nomine
727 3996 875 4034 recensetur.
898 3987 964 4031 Num
981 3986 1051 4043 lapsu
1069 3997 1183 4044 typogra-

176 4062 262 4121 ‚pateo
279 4072 322 4111 sut
340 4063 429 4109 calami
443 4063 514 4121 lapsu
530 4076 619 4110 nomen
635 4065 670 4110 ita
685 4073 807 4112 mutatum
824 4066 878 4111 est?
898 4067 934 4109 An
951 4077 1033 4112 revere
1044 4067 1182 4126 pentmdras
