<?xml version="1.0" encoding="UTF-8"?>
<!DOCTYPE html PUBLIC "-//W3C//DTD XHTML 1.0 Transitional//EN"
    "http://www.w3.org/TR/xhtml1/DTD/xhtml1-transitional.dtd">
<html xmlns="http://www.w3.org/1999/xhtml" xml:lang="en" lang="en">
 <head>
  <title>
</title>
<meta http-equiv="Content-Type" content="text/html;charset=utf-8" />
  <meta name='ocr-system' content='tesseract 3.04.00' />
  <meta name='ocr-capabilities' content='ocr_page ocr_carea ocr_par ocr_line ocrx_word'/>
</head>
<body>
  <div class='ocr_page' id='page_1' title='image "./defloribusetaff00rpgoog_0060.png"; bbox 0 0 2604 4688; ppageno 0'>
   <div class='ocr_carea' id='block_1_1' title="bbox 549 355 750 420">
    <p class='ocr_par' dir='ltr' id='par_1_1' title="bbox 549 355 750 420">
     <span class='ocr_line' id='line_1_1' title="bbox 549 355 750 420; baseline 0 -14"><span class='ocrx_word' id='word_1_1' title='bbox 549 355 750 420; x_wconf 47' lang='lat'><strong>*55*</strong></span> 
     </span>
    </p>
   </div>
   <div class='ocr_carea' id='block_1_2' title="bbox 147 508 1162 1283">
    <p class='ocr_par' dir='ltr' id='par_1_2' title="bbox 147 508 1162 1283">
     <span class='ocr_line' id='line_1_2' title="bbox 148 508 1146 597; baseline -0.001 -18"><span class='ocrx_word' id='word_1_2' title='bbox 148 563 171 596; x_wconf 83' lang='lat'><em>„</em></span> <span class='ocrx_word' id='word_1_3' title='bbox 193 508 461 597; x_wconf 75' lang='lat' dir='ltr'><strong>&#39;transcripserunt</strong></span> <span class='ocrx_word' id='word_1_4' title='bbox 532 517 691 580; x_wconf 81' lang='lat' dir='ltr'><strong>Hoorenus</strong></span> <span class='ocrx_word' id='word_1_5' title='bbox 718 513 800 574; x_wconf 85' lang='lat' dir='ltr'><strong>solus</strong></span> <span class='ocrx_word' id='word_1_6' title='bbox 826 514 858 574; x_wconf 90' lang='lat' dir='ltr'><strong>in</strong></span> <span class='ocrx_word' id='word_1_7' title='bbox 873 517 987 576; x_wconf 53' lang='lat' dir='ltr'><strong>‘Flora</strong></span> <span class='ocrx_word' id='word_1_8' title='bbox 1020 517 1146 580; x_wconf 80' lang='lat' dir='ltr'><strong>Scotica</strong></span> 
     </span>
     <span class='ocr_line' id='line_1_3' title="bbox 148 622 1146 713; baseline -0.001 -21"><span class='ocrx_word' id='word_1_9' title='bbox 148 678 170 713; x_wconf 84' lang='lat'>„</span> <span class='ocrx_word' id='word_1_10' title='bbox 193 651 287 713; x_wconf 83' lang='lat' dir='ltr'><strong>quam</strong></span> <span class='ocrx_word' id='word_1_11' title='bbox 310 628 418 708; x_wconf 85' lang='lat' dir='ltr'><strong>edidit,</strong></span> <span class='ocrx_word' id='word_1_12' title='bbox 450 622 571 712; x_wconf 86' lang='lat'>(1821)</span> <span class='ocrx_word' id='word_1_13' title='bbox 596 643 715 710; x_wconf 87' lang='lat' dir='ltr'><strong>partem</strong></span> <span class='ocrx_word' id='word_1_14' title='bbox 736 629 818 688; x_wconf 87' lang='lat' dir='ltr'><strong>floris</strong></span> <span class='ocrx_word' id='word_1_15' title='bbox 847 629 1025 690; x_wconf 84' lang='lat' dir='ltr'><strong>calcarntam</strong></span> <span class='ocrx_word' id='word_1_16' title='bbox 1053 632 1146 709; x_wconf 87' lang='lat' dir='ltr'><strong>calyci</strong></span> 
     </span>
     <span class='ocr_line' id='line_1_4' title="bbox 148 742 1145 838; baseline -0.001 -32"><span class='ocrx_word' id='word_1_17' title='bbox 148 791 170 824; x_wconf 87' lang='lat'><strong>„</strong></span> <span class='ocrx_word' id='word_1_18' title='bbox 191 744 374 834; x_wconf 80' lang='lat' dir='ltr'><strong>adsociavit,</strong></span> <span class='ocrx_word' id='word_1_19' title='bbox 396 764 490 826; x_wconf 84' lang='lat' dir='ltr'><strong>quem</strong></span> <span class='ocrx_word' id='word_1_20' title='bbox 505 743 581 804; x_wconf 87' lang='lat' dir='ltr'><strong>hanc</strong></span> <span class='ocrx_word' id='word_1_21' title='bbox 597 742 636 802; x_wconf 91' lang='lat' dir='ltr'><strong>ob</strong></span> <span class='ocrx_word' id='word_1_22' title='bbox 653 764 720 802; x_wconf 89' lang='lat' dir='ltr'><strong>rem</strong></span> <span class='ocrx_word' id='word_1_23' title='bbox 735 742 913 838; x_wconf 65' lang='lat' dir='ltr'><strong>triphyllum</strong></span> <span class='ocrx_word' id='word_1_24' title='bbox 933 743 1017 804; x_wconf 82' lang='lat' dir='ltr'>dixit.</span> <span class='ocrx_word' id='word_1_25' title='bbox 1059 749 1145 807; x_wconf 80' lang='lat' dir='ltr'><strong>Inter</strong></span> 
     </span>
     <span class='ocr_line' id='line_1_5' title="bbox 147 856 1162 942; baseline -0.003 -18"><span class='ocrx_word' id='word_1_26' title='bbox 147 907 168 942; x_wconf 84' lang='lat'><strong>,‚</strong></span> <span class='ocrx_word' id='word_1_27' title='bbox 189 880 326 942; x_wconf 86' lang='lat' dir='ltr'><strong>nuperos</strong></span> <span class='ocrx_word' id='word_1_28' title='bbox 345 872 448 919; x_wconf 83' lang='lat' dir='ltr'><strong>eutem</strong></span> <span class='ocrx_word' id='word_1_29' title='bbox 474 856 621 920; x_wconf 77' lang='lat' dir='ltr'><strong>Acunum</strong></span> <span class='ocrx_word' id='word_1_30' title='bbox 646 859 848 934; x_wconf 77' lang='lat' dir='ltr'><strong>chunnnnis,</strong></span> <span class='ocrx_word' id='word_1_31' title='bbox 884 878 979 939; x_wconf 90' lang='lat' dir='ltr'><strong>quum</strong></span> <span class='ocrx_word' id='word_1_32' title='bbox 1012 858 1162 936; x_wconf 80' lang='lat' dir='ltr'><strong>calycem-</strong></span> 
     </span>
     <span class='ocr_line' id='line_1_6' title="bbox 148 971 1145 1059; baseline -0.005 -22"><span class='ocrx_word' id='word_1_33' title='bbox 148 1021 169 1059; x_wconf 79' lang='lat'>„</span> <span class='ocrx_word' id='word_1_34' title='bbox 192 975 411 1056; x_wconf 80' lang='lat' dir='ltr'><strong>tetresepalum</strong></span> <span class='ocrx_word' id='word_1_35' title='bbox 452 971 642 1035; x_wconf 84' lang='lat' dir='ltr'><strong>admitteret·</strong></span> <span class='ocrx_word' id='word_1_36' title='bbox 675 971 881 1052; x_wconf 85' lang='lat' dir='ltr'><strong>corollamquc</strong></span> <span class='ocrx_word' id='word_1_37' title='bbox 913 973 1145 1052; x_wconf 81' lang='lat' dir='ltr'><strong>tetrapetalam,</strong></span> 
     </span>
     <span class='ocr_line' id='line_1_7' title="bbox 149 1085 1146 1170; baseline -0.003 -22"><span class='ocrx_word' id='word_1_38' title='bbox 149 1134 169 1165; x_wconf 87' lang='lat'>„</span> <span class='ocrx_word' id='word_1_39' title='bbox 190 1089 299 1170; x_wconf 87' lang='lat' dir='ltr'><strong>petalis</strong></span> <span class='ocrx_word' id='word_1_40' title='bbox 318 1109 376 1170; x_wconf 90' lang='lat' dir='ltr'><strong>per</strong></span> <span class='ocrx_word' id='word_1_41' title='bbox 393 1088 476 1170; x_wconf 88' lang='lat' dir='ltr'><strong>paria</strong></span> <span class='ocrx_word' id='word_1_42' title='bbox 501 1106 661 1164; x_wconf 81' lang='lat' dir='ltr'><strong>connexis,</strong></span> <span class='ocrx_word' id='word_1_43' title='bbox 691 1085 818 1166; x_wconf 88' lang='lat' dir='ltr'><strong>propius</strong></span> <span class='ocrx_word' id='word_1_44' title='bbox 841 1087 973 1170; x_wconf 66' lang='lat' dir='ltr'><strong>xaccessit</strong></span> <span class='ocrx_word' id='word_1_45' title='bbox 1003 1085 1043 1146; x_wconf 92' lang='lat' dir='ltr'><strong>ad</strong></span> <span class='ocrx_word' id='word_1_46' title='bbox 1066 1087 1146 1147; x_wconf 85' lang='lat' dir='ltr'><strong>veri-</strong></span> 
     </span>
     <span class='ocr_line' id='line_1_8' title="bbox 149 1196 1143 1283; baseline -0.003 -20"><span class='ocrx_word' id='word_1_47' title='bbox 149 1215 287 1281; x_wconf 76' lang='lat' dir='ltr'><strong>„tatem</strong></span> <span class='ocrx_word' id='word_1_48' title='bbox 316 1223 408 1283; x_wconf 87' lang='lat' dir='ltr'><strong>quam</strong></span> <span class='ocrx_word' id='word_1_49' title='bbox 439 1200 613 1261; x_wconf 82' lang='lat' dir='ltr'><strong>ullusulius</strong></span> <span class='ocrx_word' id='word_1_50' title='bbox 647 1196 664 1278; x_wconf 86' lang='lat'>(</span> <span class='ocrx_word' id='word_1_51' title='bbox 675 1197 714 1258; x_wconf 85' lang='lat' dir='ltr'><strong>ci.</strong></span> <span class='ocrx_word' id='word_1_52' title='bbox 735 1202 821 1258; x_wconf 77' lang='lat' dir='ltr'><strong>Dici.</strong></span> <span class='ocrx_word' id='word_1_53' title='bbox 846 1201 1001 1275; x_wconf 78' lang='lat' dir='ltr'><em>classique</em></span> <span class='ocrx_word' id='word_1_54' title='bbox 1029 1203 1143 1260; x_wconf 55' lang='lat' dir='ltr'><strong>d&#39;Histc</strong></span> 
     </span>
    </p>
   </div>
   <div class='ocr_carea' id='block_1_3' title="bbox 151 1296 1170 1396">
    <p class='ocr_par' dir='ltr' id='par_1_3' title="bbox 151 1296 1170 1396">
     <span class='ocr_line' id='line_1_9' title="bbox 151 1296 1170 1396; baseline -0.002 -20"><span class='ocrx_word' id='word_1_55' title='bbox 151 1363 170 1394; x_wconf 86' lang='lat'><strong>,‚</strong></span> <span class='ocrx_word' id='word_1_56' title='bbox 190 1328 261 1378; x_wconf 83' lang='lat' dir='ltr'><strong>nat.</strong></span> <span class='ocrx_word' id='word_1_57' title='bbox 286 1315 403 1396; x_wconf 84' lang='lat'><strong>1822.)</strong></span> <span class='ocrx_word' id='word_1_58' title='bbox 433 1313 613 1380; x_wconf 90' lang='lat' dir='ltr'><strong>Dolendum</strong></span> <span class='ocrx_word' id='word_1_59' title='bbox 637 1314 827 1373; x_wconf 77' lang='lat' dir='ltr'><strong>chunnmnn</strong></span> <span class='ocrx_word' id='word_1_60' title='bbox 853 1310 930 1370; x_wconf 86' lang='lat' dir='ltr'><strong>hanc</strong></span> <span class='ocrx_word' id='word_1_61' title='bbox 958 1296 1170 1390; x_wconf 81' lang='lat' dir='ltr'><strong>ingeniosam,</strong></span> 
     </span>
    </p>
   </div>
   <div class='ocr_carea' id='block_1_4' title="bbox 149 1426 1205 3105">
    <p class='ocr_par' dir='ltr' id='par_1_4' title="bbox 149 1426 1205 3105">
     <span class='ocr_line' id='line_1_10' title="bbox 154 1426 1146 1508; baseline -0.001 -18"><span class='ocrx_word' id='word_1_62' title='bbox 154 1471 170 1506; x_wconf 89' lang='lat'>„</span> <span class='ocrx_word' id='word_1_63' title='bbox 189 1429 341 1495; x_wconf 89' lang='lat' dir='ltr'><strong>theoriam</strong></span> <span class='ocrx_word' id='word_1_64' title='bbox 365 1449 428 1489; x_wconf 91' lang='lat' dir='ltr'><strong>non</strong></span> <span class='ocrx_word' id='word_1_65' title='bbox 457 1427 585 1488; x_wconf 86' lang='lat' dir='ltr'><strong>ulterius</strong></span> <span class='ocrx_word' id='word_1_66' title='bbox 608 1439 808 1508; x_wconf 88' lang='lat' dir='ltr'><strong>prosecutum</strong></span> <span class='ocrx_word' id='word_1_67' title='bbox 831 1445 922 1498; x_wconf 85' lang='lat' dir='ltr'><strong>esse,</strong></span> <span class='ocrx_word' id='word_1_68' title='bbox 942 1426 1043 1486; x_wconf 88' lang='lat' dir='ltr'><strong>nullus</strong></span> <span class='ocrx_word' id='word_1_69' title='bbox 1064 1429 1146 1489; x_wconf 89' lang='lat' dir='ltr'><strong>enim</strong></span> 
     </span>
     <span class='ocr_line' id='line_1_11' title="bbox 158 1537 1162 1626; baseline -0.001 -24"><span class='ocrx_word' id='word_1_70' title='bbox 158 1583 181 1618; x_wconf 71' lang='lat' dir='ltr'><strong>u</strong></span> <span class='ocrx_word' id='word_1_71' title='bbox 197 1541 323 1621; x_wconf 86' lang='lat' dir='ltr'><strong>dubito,</strong></span> <span class='ocrx_word' id='word_1_72' title='bbox 344 1544 419 1624; x_wconf 90' lang='lat' dir='ltr'><strong>quin</strong></span> <span class='ocrx_word' id='word_1_73' title='bbox 444 1538 499 1607; x_wconf 87' lang='lat' dir='ltr'><strong>hac</strong></span> <span class='ocrx_word' id='word_1_74' title='bbox 520 1542 566 1602; x_wconf 91' lang='lat' dir='ltr'><strong>via</strong></span> <span class='ocrx_word' id='word_1_75' title='bbox 587 1561 690 1603; x_wconf 87' lang='lat' dir='ltr'><strong>veram</strong></span> <span class='ocrx_word' id='word_1_76' title='bbox 710 1537 845 1600; x_wconf 86' lang='lat' dir='ltr'><strong>indolem</strong></span> <span class='ocrx_word' id='word_1_77' title='bbox 860 1541 1067 1618; x_wconf 81' lang='lat' dir='ltr'><strong>enucleasset3</strong></span> <span class='ocrx_word' id='word_1_78' title='bbox 1088 1544 1162 1626; x_wconf 14' lang='lat' dir='ltr'><strong>mi·-</strong></span> 
     </span>
     <span class='ocr_line' id='line_1_12' title="bbox 151 1654 1145 1736; baseline 0.001 -20"><span class='ocrx_word' id='word_1_79' title='bbox 151 1703 170 1733; x_wconf 87' lang='lat'>„</span> <span class='ocrx_word' id='word_1_80' title='bbox 192 1678 263 1724; x_wconf 87' lang='lat' dir='ltr'><strong>rum</strong></span> <span class='ocrx_word' id='word_1_81' title='bbox 271 1671 374 1716; x_wconf 84' lang='lat' dir='ltr'><strong>autem</strong></span> <span class='ocrx_word' id='word_1_82' title='bbox 386 1659 519 1734; x_wconf 91' lang='lat' dir='ltr'><strong>omnino,</strong></span> <span class='ocrx_word' id='word_1_83' title='bbox 537 1656 781 1719; x_wconf 84' lang='lat' dir='ltr'><strong>observationem</strong></span> <span class='ocrx_word' id='word_1_84' title='bbox 798 1656 875 1714; x_wconf 88' lang='lat' dir='ltr'><strong>tanti</strong></span> <span class='ocrx_word' id='word_1_85' title='bbox 890 1656 981 1736; x_wconf 85' lang='lat' dir='ltr'><strong>pretii</strong></span> <span class='ocrx_word' id='word_1_86' title='bbox 999 1654 1145 1717; x_wconf 79' lang='lat' dir='ltr'><strong>excidisse</strong></span> 
     </span>
     <span class='ocr_line' id='line_1_13' title="bbox 150 1769 1148 1854; baseline -0.001 -22"><span class='ocrx_word' id='word_1_87' title='bbox 150 1818 169 1854; x_wconf 84' lang='lat'>„</span> <span class='ocrx_word' id='word_1_88' title='bbox 193 1771 386 1852; x_wconf 84' lang='lat' dir='ltr'><strong>sagacissimo</strong></span> <span class='ocrx_word' id='word_1_89' title='bbox 415 1774 652 1847; x_wconf 76' lang='lat' dir='ltr'><strong>Duennnom105</strong></span> <span class='ocrx_word' id='word_1_90' title='bbox 686 1771 739 1851; x_wconf 89' lang='lat' dir='ltr'><strong>qui</strong></span> <span class='ocrx_word' id='word_1_91' title='bbox 770 1770 815 1828; x_wconf 88' lang='lat' dir='ltr'><strong>vir</strong></span> <span class='ocrx_word' id='word_1_92' title='bbox 843 1769 953 1829; x_wconf 87' lang='lat' dir='ltr'><strong>doctus</strong></span> <span class='ocrx_word' id='word_1_93' title='bbox 973 1773 1004 1829; x_wconf 88' lang='lat' dir='ltr'><strong>in</strong></span> <span class='ocrx_word' id='word_1_94' title='bbox 1030 1771 1148 1850; x_wconf 83' lang='lat' dir='ltr'><strong>legibus</strong></span> 
     </span>
     <span class='ocr_line' id='line_1_14' title="bbox 150 1883 1149 1967; baseline -0.003 -19"><span class='ocrx_word' id='word_1_95' title='bbox 150 1927 169 1965; x_wconf 83' lang='lat'>„</span> <span class='ocrx_word' id='word_1_96' title='bbox 193 1887 388 1965; x_wconf 79' lang='lat' dir='ltr'><strong>symmetriae</strong></span> <span class='ocrx_word' id='word_1_97' title='bbox 401 1885 576 1964; x_wconf 74' lang='lat' dir='ltr'><strong>vegetabilis</strong></span> <span class='ocrx_word' id='word_1_98' title='bbox 588 1887 701 1967; x_wconf 88' lang='lat' dir='ltr'><strong>optime</strong></span> <span class='ocrx_word' id='word_1_99' title='bbox 711 1896 859 1959; x_wconf 86' lang='lat' dir='ltr'><strong>versatus,</strong></span> <span class='ocrx_word' id='word_1_100' title='bbox 874 1897 905 1942; x_wconf 89' lang='lat' dir='ltr'><strong>et</strong></span> <span class='ocrx_word' id='word_1_101' title='bbox 919 1883 1040 1963; x_wconf 79' lang='lat' dir='ltr'><strong>ingenio</strong></span> <span class='ocrx_word' id='word_1_102' title='bbox 1056 1906 1149 1966; x_wconf 85' lang='lat' dir='ltr'><strong>quam</strong></span> 
     </span>
     <span class='ocr_line' id='line_1_15' title="bbox 150 1995 1149 2083; baseline -0.004 -21"><span class='ocrx_word' id='word_1_103' title='bbox 150 2047 170 2083; x_wconf 86' lang='lat'>„</span> <span class='ocrx_word' id='word_1_104' title='bbox 191 2002 323 2063; x_wconf 83' lang='lat' dir='ltr'><strong>maxime</strong></span> <span class='ocrx_word' id='word_1_105' title='bbox 349 2000 558 2081; x_wconf 85' lang='lat' dir='ltr'><strong>philosophico</strong></span> <span class='ocrx_word' id='word_1_106' title='bbox 582 2012 726 2072; x_wconf 87' lang='lat' dir='ltr'><strong>ornatus,</strong></span> <span class='ocrx_word' id='word_1_107' title='bbox 755 1998 865 2077; x_wconf 89' lang='lat' dir='ltr'><strong>procul</strong></span> <span class='ocrx_word' id='word_1_108' title='bbox 885 1995 980 2058; x_wconf 89' lang='lat' dir='ltr'><strong>dubio</strong></span> <span class='ocrx_word' id='word_1_109' title='bbox 999 1999 1149 2064; x_wconf 83' lang='lat' dir='ltr'><strong>theoriam</strong></span> 
     </span>
     <span class='ocr_line' id='line_1_16' title="bbox 149 2112 1205 2202; baseline -0.001 -27"><span class='ocrx_word' id='word_1_110' title='bbox 149 2160 170 2192; x_wconf 84' lang='lat'><strong>‚,</strong></span> <span class='ocrx_word' id='word_1_111' title='bbox 193 2114 427 2181; x_wconf 76' lang='lat' dir='ltr'><strong>chusnmnusu</strong></span> <span class='ocrx_word' id='word_1_112' title='bbox 450 2112 763 2195; x_wconf 83' lang='lat' dir='ltr'><strong>quotenuslegitime</strong></span> <span class='ocrx_word' id='word_1_113' title='bbox 791 2112 915 2174; x_wconf 88' lang='lat' dir='ltr'><strong>extendi</strong></span> <span class='ocrx_word' id='word_1_114' title='bbox 936 2126 1039 2193; x_wconf 85' lang='lat' dir='ltr'><strong>potest</strong></span> <span class='ocrx_word' id='word_1_115' title='bbox 1048 2156 1058 2191; x_wconf 92' lang='lat'><strong>,</strong></span> <span class='ocrx_word' id='word_1_116' title='bbox 1096 2135 1171 2196; x_wconf 51' lang='grc' dir='ltr'><em>εις-,Ι</em></span> <span class='ocrx_word' id='word_1_117' title='bbox 1204 2198 1205 2202; x_wconf 8' lang='lat'>¹</span> 
     </span>
     <span class='ocr_line' id='line_1_17' title="bbox 149 2223 1146 2306; baseline 0.002 -18"><span class='ocrx_word' id='word_1_118' title='bbox 149 2274 170 2305; x_wconf 86' lang='lat'>„</span> <span class='ocrx_word' id='word_1_119' title='bbox 191 2226 351 2292; x_wconf 83' lang='lat' dir='ltr'><strong>tendisset.</strong></span> <span class='ocrx_word' id='word_1_120' title='bbox 381 2223 412 2306; x_wconf 77' lang='lat'><strong>¹)</strong></span> <span class='ocrx_word' id='word_1_121' title='bbox 455 2225 518 2287; x_wconf 84' lang='lat' dir='ltr'><strong>Sed</strong></span> <span class='ocrx_word' id='word_1_122' title='bbox 541 2226 692 2286; x_wconf 84' lang='lat' dir='ltr'><strong>contraria</strong></span> <span class='ocrx_word' id='word_1_123' title='bbox 707 2241 894 2306; x_wconf 64' lang='lat' dir='ltr'><strong>eveneruntq</strong></span> <span class='ocrx_word' id='word_1_124' title='bbox 916 2229 1146 2292; x_wconf 78' lang='lat' dir='ltr'><strong>Decsnooucrus</strong></span> 
     </span>
     <span class='ocr_line' id='line_1_18' title="bbox 150 2338 1152 2423; baseline -0.001 -20"><span class='ocrx_word' id='word_1_125' title='bbox 150 2386 167 2423; x_wconf 85' lang='lat'>„</span> <span class='ocrx_word' id='word_1_126' title='bbox 196 2343 299 2418; x_wconf 88' lang='lat' dir='ltr'><strong>enim,</strong></span> <span class='ocrx_word' id='word_1_127' title='bbox 322 2341 378 2401; x_wconf 84' lang='lat' dir='ltr'><strong>etsi</strong></span> <span class='ocrx_word' id='word_1_128' title='bbox 402 2343 592 2402; x_wconf 76' lang='lat' dir='ltr'><strong>Ricnsnmuu</strong></span> <span class='ocrx_word' id='word_1_129' title='bbox 612 2354 735 2399; x_wconf 91' lang='lat' dir='ltr'><strong>secutus</strong></span> <span class='ocrx_word' id='word_1_130' title='bbox 759 2340 798 2398; x_wconf 88' lang='lat' dir='ltr'><strong>sit</strong></span> <span class='ocrx_word' id='word_1_131' title='bbox 816 2343 846 2398; x_wconf 94' lang='lat' dir='ltr'><strong>in</strong></span> <span class='ocrx_word' id='word_1_132' title='bbox 865 2338 1053 2402; x_wconf 87' lang='lat' dir='ltr'><strong>admittenda</strong></span> <span class='ocrx_word' id='word_1_133' title='bbox 1071 2345 1152 2402; x_wconf 83' lang='lat' dir='ltr'><strong>Bul-</strong></span> 
     </span>
     <span class='ocr_line' id='line_1_19' title="bbox 151 2453 1151 2534; baseline 0.001 -19"><span class='ocrx_word' id='word_1_134' title='bbox 151 2503 171 2532; x_wconf 86' lang='lat'>„</span> <span class='ocrx_word' id='word_1_135' title='bbox 193 2459 415 2516; x_wconf 82' lang='lat' dir='ltr'><strong>saminearum</strong></span> <span class='ocrx_word' id='word_1_136' title='bbox 435 2454 553 2532; x_wconf 86' lang='lat' dir='ltr'><strong>familia,</strong></span> <span class='ocrx_word' id='word_1_137' title='bbox 575 2454 662 2534; x_wconf 90' lang='lat' dir='ltr'><strong>cujus</strong></span> <span class='ocrx_word' id='word_1_138' title='bbox 681 2453 797 2534; x_wconf 87' lang='lat' dir='ltr'><strong>primus</strong></span> <span class='ocrx_word' id='word_1_139' title='bbox 818 2467 925 2512; x_wconf 81' lang='lat' dir='ltr'><strong>auctor</strong></span> <span class='ocrx_word' id='word_1_140' title='bbox 952 2453 1053 2514; x_wconf 83' lang='lat' dir='ltr'><strong>forsan</strong></span> <span class='ocrx_word' id='word_1_141' title='bbox 1065 2457 1151 2520; x_wconf 64' lang='lat' dir='ltr'><strong>Hoo÷</strong></span> 
     </span>
     <span class='ocr_line' id='line_1_20' title="bbox 151 2567 1151 2646; baseline -0.001 -17"><span class='ocrx_word' id='word_1_142' title='bbox 151 2615 172 2646; x_wconf 87' lang='lat'>„</span> <span class='ocrx_word' id='word_1_143' title='bbox 195 2587 286 2630; x_wconf 76' lang='lat' dir='ltr'><strong>mnus</strong></span> <span class='ocrx_word' id='word_1_144' title='bbox 318 2582 384 2645; x_wconf 90' lang='lat' dir='ltr'><strong>est,</strong></span> <span class='ocrx_word' id='word_1_145' title='bbox 419 2568 449 2626; x_wconf 93' lang='lat' dir='ltr'><strong>in</strong></span> <span class='ocrx_word' id='word_1_146' title='bbox 478 2570 660 2628; x_wconf 82' lang='lat' dir='ltr'><strong>Proclromo</strong></span> <span class='ocrx_word' id='word_1_147' title='bbox 687 2586 743 2626; x_wconf 89' lang='lat' dir='ltr'><strong>suo</strong></span> <span class='ocrx_word' id='word_1_148' title='bbox 773 2569 903 2628; x_wconf 82' lang='lat' dir='ltr'><strong>Jussruur</strong></span> <span class='ocrx_word' id='word_1_149' title='bbox 929 2567 1048 2628; x_wconf 87' lang='lat' dir='ltr'><strong>theoria</strong></span> <span class='ocrx_word' id='word_1_150' title='bbox 1076 2589 1151 2634; x_wconf 85' lang='lat' dir='ltr'><strong>usus</strong></span> 
     </span>
     <span class='ocr_line' id='line_1_21' title="bbox 152 2680 1152 2763; baseline 0.004 -22"><span class='ocrx_word' id='word_1_151' title='bbox 152 2729 173 2759; x_wconf 90' lang='lat'><strong>‚,</strong></span> <span class='ocrx_word' id='word_1_152' title='bbox 197 2696 255 2758; x_wconf 86' lang='lat' dir='ltr'><strong>est,</strong></span> <span class='ocrx_word' id='word_1_153' title='bbox 269 2681 392 2741; x_wconf 90' lang='lat' dir='ltr'><strong>omnino</strong></span> <span class='ocrx_word' id='word_1_154' title='bbox 404 2681 541 2761; x_wconf 84' lang='lat' dir='ltr'><strong>neglecta</strong></span> <span class='ocrx_word' id='word_1_155' title='bbox 555 2680 759 2763; x_wconf 83' lang='lat' dir='ltr'><strong>descriptione</strong></span> <span class='ocrx_word' id='word_1_156' title='bbox 772 2685 989 2744; x_wconf 75' lang='lat' dir='ltr'><strong>Ricntnmtun.</strong></span> <span class='ocrx_word' id='word_1_157' title='bbox 1011 2685 1152 2745; x_wconf 80' lang='lat' dir='ltr'><strong>Aliorum</strong></span> 
     </span>
     <span class='ocr_line' id='line_1_22' title="bbox 155 2794 1154 2878; baseline 0.003 -21"><span class='ocrx_word' id='word_1_158' title='bbox 155 2838 172 2874; x_wconf 57' lang='grc' dir='ltr'><strong><em>ῃ</em></strong></span> <span class='ocrx_word' id='word_1_159' title='bbox 195 2794 425 2857; x_wconf 80' lang='lat' dir='ltr'><strong>lucubrationes</strong></span> <span class='ocrx_word' id='word_1_160' title='bbox 447 2795 577 2854; x_wconf 88' lang='lat' dir='ltr'><strong>ulterius</strong></span> <span class='ocrx_word' id='word_1_161' title='bbox 602 2797 771 2857; x_wconf 82' lang='lat' dir='ltr'><strong>examinare</strong></span> <span class='ocrx_word' id='word_1_162' title='bbox 790 2816 1047 2878; x_wconf 87' lang='lat' dir='ltr'><strong>supravacaneum</strong></span> <span class='ocrx_word' id='word_1_163' title='bbox 1067 2797 1154 2861; x_wconf 58' lang='lat' dir='ltr'><strong>vidcv</strong></span> 
     </span>
     <span class='ocr_line' id='line_1_23' title="bbox 158 2910 1152 2993; baseline 0.002 -23"><span class='ocrx_word' id='word_1_164' title='bbox 158 2951 176 2986; x_wconf 89' lang='lat'>„</span> <span class='ocrx_word' id='word_1_165' title='bbox 196 2924 269 2987; x_wconf 81' lang='lat' dir='ltr'><strong>tur3</strong></span> <span class='ocrx_word' id='word_1_166' title='bbox 297 2910 401 2990; x_wconf 89' lang='lat' dir='ltr'><strong>potius</strong></span> <span class='ocrx_word' id='word_1_167' title='bbox 428 2923 616 2973; x_wconf 81' lang='lat' dir='ltr'><strong>structuram</strong></span> <span class='ocrx_word' id='word_1_168' title='bbox 647 2911 767 2992; x_wconf 82' lang='lat' dir='ltr'><strong>plantae</strong></span> <span class='ocrx_word' id='word_1_169' title='bbox 800 2911 891 2993; x_wconf 88' lang='lat' dir='ltr'><strong>hujus</strong></span> <span class='ocrx_word' id='word_1_170' title='bbox 923 2912 1083 2992; x_wconf 85' lang='lat' dir='ltr'><strong>singularis</strong></span> <span class='ocrx_word' id='word_1_171' title='bbox 1114 2911 1152 2980; x_wconf 83' lang='lat' dir='ltr'><strong>ad</strong></span> 
     </span>
     <span class='ocr_line' id='line_1_24' title="bbox 158 3022 1008 3105; baseline -0.001 -20"><span class='ocrx_word' id='word_1_172' title='bbox 158 3066 178 3098; x_wconf 87' lang='lat'>„</span> <span class='ocrx_word' id='word_1_173' title='bbox 197 3037 305 3105; x_wconf 88' lang='lat' dir='ltr'><strong>typum</strong></span> <span class='ocrx_word' id='word_1_174' title='bbox 327 3022 481 3104; x_wconf 85' lang='lat' dir='ltr'><strong>quendam</strong></span> <span class='ocrx_word' id='word_1_175' title='bbox 501 3025 673 3103; x_wconf 84' lang='lat' dir='ltr'><strong>generalem</strong></span> <span class='ocrx_word' id='word_1_176' title='bbox 694 3024 812 3085; x_wconf 79' lang='lat' dir='ltr'><strong>referre</strong></span> <span class='ocrx_word' id='word_1_177' title='bbox 835 3024 1008 3084; x_wconf 87' lang='lat' dir='ltr'><strong>conabor.’&#39;</strong></span> 
     </span>
    </p>
   </div>
   <div class='ocr_carea' id='block_1_5' title="bbox 157 3132 305 3146">
    <p class='ocr_par' dir='ltr' id='par_1_5' title="bbox 157 3132 305 3146">
     <span class='ocr_line' id='line_1_25' title="bbox 157 3132 305 3146; baseline -0.014 0"><span class='ocrx_word' id='word_1_178' title='bbox 157 3132 305 3146; x_wconf 52' lang='lat' dir='ltr'><strong><em>m</em></strong></span> 
     </span>
    </p>
   </div>
   <div class='ocr_carea' id='block_1_6' title="bbox 152 3174 1194 4043">
    <p class='ocr_par' dir='ltr' id='par_1_6' title="bbox 152 3174 1194 4043">
     <span class='ocr_line' id='line_1_26' title="bbox 212 3174 1155 3251; baseline 0.004 -15"><span class='ocrx_word' id='word_1_179' title='bbox 212 3191 241 3242; x_wconf 84' lang='lat'><strong>1)</strong></span> <span class='ocrx_word' id='word_1_180' title='bbox 276 3189 363 3248; x_wconf 80' lang='lat' dir='ltr'><strong>Magni</strong></span> <span class='ocrx_word' id='word_1_181' title='bbox 385 3200 448 3237; x_wconf 72' lang='lat' dir='ltr'><strong>certe</strong></span> <span class='ocrx_word' id='word_1_182' title='bbox 470 3189 534 3236; x_wconf 83' lang='lat' dir='ltr'><strong>facio</strong></span> <span class='ocrx_word' id='word_1_183' title='bbox 556 3178 718 3238; x_wconf 71' lang='lat' dir='ltr'><strong>scaincurt</strong></span> <span class='ocrx_word' id='word_1_184' title='bbox 744 3189 950 3238; x_wconf 77' lang='lat' dir='ltr'><strong>nonanuinn</strong></span> <span class='ocrx_word' id='word_1_185' title='bbox 973 3195 1014 3248; x_wconf 81' lang='lat' dir='ltr'><strong>qu</strong></span> <span class='ocrx_word' id='word_1_186' title='bbox 1040 3174 1155 3251; x_wconf 65' lang='lat' dir='ltr'><strong>plurimi}</strong></span> 
     </span>
     <span class='ocr_line' id='line_1_27' title="bbox 153 3269 1154 3329; baseline 0.004 -12"><span class='ocrx_word' id='word_1_187' title='bbox 153 3269 379 3329; x_wconf 79' lang='lat' dir='ltr'><strong>pulcherrimisque</strong></span> <span class='ocrx_word' id='word_1_188' title='bbox 400 3270 451 3322; x_wconf 85' lang='lat' dir='ltr'><strong>iarn</strong></span> <span class='ocrx_word' id='word_1_189' title='bbox 472 3270 562 3317; x_wconf 85' lang='lat' dir='ltr'><strong>ditavit</strong></span> <span class='ocrx_word' id='word_1_190' title='bbox 586 3272 714 3318; x_wconf 84' lang='lat' dir='ltr'><strong>scientiam</strong></span> <span class='ocrx_word' id='word_1_191' title='bbox 737 3271 966 3325; x_wconf 82' lang='lat' dir='ltr'><strong>observationibus,</strong></span> <span class='ocrx_word' id='word_1_192' title='bbox 1000 3286 1048 3319; x_wconf 79' lang='lat' dir='ltr'><strong>nois</strong></span> <span class='ocrx_word' id='word_1_193' title='bbox 1071 3283 1154 3322; x_wconf 82' lang='lat' dir='ltr'><strong>autem</strong></span> 
     </span>
     <span class='ocr_line' id='line_1_28' title="bbox 154 3348 1194 3411; baseline 0 -14"><span class='ocrx_word' id='word_1_194' title='bbox 154 3350 229 3397; x_wconf 81' lang='lat' dir='ltr'><strong>video</strong></span> <span class='ocrx_word' id='word_1_195' title='bbox 240 3348 361 3396; x_wconf 85' lang='lat' dir='ltr'><strong>theoriam</strong></span> <span class='ocrx_word' id='word_1_196' title='bbox 376 3361 449 3404; x_wconf 86' lang='lat' dir='ltr'><strong>quem</strong></span> <span class='ocrx_word' id='word_1_197' title='bbox 461 3350 544 3397; x_wconf 87' lang='lat' dir='ltr'><strong>emisit</strong></span> <span class='ocrx_word' id='word_1_198' title='bbox 556 3349 624 3397; x_wconf 84' lang='lat' dir='ltr'><strong>iioris</strong></span> <span class='ocrx_word' id='word_1_199' title='bbox 635 3352 826 3406; x_wconf 76' lang='lat' dir='ltr'><strong>sanamineaum,</strong></span> <span class='ocrx_word' id='word_1_200' title='bbox 837 3349 959 3408; x_wconf 86' lang='lat' dir='ltr'><strong>potiorem</strong></span> <span class='ocrx_word' id='word_1_201' title='bbox 971 3365 1023 3411; x_wconf 82' lang='lat' dir='ltr'><strong>esse</strong></span> <span class='ocrx_word' id='word_1_202' title='bbox 1039 3353 1155 3410; x_wconf 67' lang='lat' dir='ltr'><strong>nncnn,</strong></span> <span class='ocrx_word' id='word_1_203' title='bbox 1191 3378 1194 3380; x_wconf 35' lang='lat' dir='ltr'>v</span> 
     </span>
     <span class='ocr_line' id='line_1_29' title="bbox 152 3427 1155 3486; baseline -0.001 -9"><span class='ocrx_word' id='word_1_204' title='bbox 152 3427 327 3477; x_wconf 77' lang='lat' dir='ltr'><strong>noturus.</strong></span> <span class='ocrx_word' id='word_1_205' title='bbox 357 3427 425 3473; x_wconf 86' lang='lat' dir='ltr'><strong>Mihi</strong></span> <span class='ocrx_word' id='word_1_206' title='bbox 438 3428 680 3478; x_wconf 77' lang='lat' dir='ltr'><strong>ntcnnnonntrs</strong></span> <span class='ocrx_word' id='word_1_207' title='bbox 704 3442 827 3475; x_wconf 84' lang='lat' dir='ltr'><strong>summum</strong></span> <span class='ocrx_word' id='word_1_208' title='bbox 850 3429 977 3485; x_wconf 84' lang='lat' dir='ltr'><strong>ingenium</strong></span> <span class='ocrx_word' id='word_1_209' title='bbox 1000 3430 1155 3486; x_wconf 73' lang='lat' dir='ltr'><strong>logicamque</strong></span> 
     </span>
     <span class='ocr_line' id='line_1_30' title="bbox 153 3508 1156 3565; baseline 0 -9"><span class='ocrx_word' id='word_1_210' title='bbox 153 3519 315 3557; x_wconf 76' lang='lat' dir='ltr'><strong>scertamen,</strong></span> <span class='ocrx_word' id='word_1_211' title='bbox 330 3508 397 3564; x_wconf 87' lang='lat' dir='ltr'><strong>qnod</strong></span> <span class='ocrx_word' id='word_1_212' title='bbox 407 3519 457 3552; x_wconf 89' lang='lat' dir='ltr'><strong>nou</strong></span> <span class='ocrx_word' id='word_1_213' title='bbox 468 3518 566 3555; x_wconf 85' lang='lat' dir='ltr'><strong>secutus</strong></span> <span class='ocrx_word' id='word_1_214' title='bbox 577 3517 615 3556; x_wconf 82' lang='lat' dir='ltr'><strong>est</strong></span> <span class='ocrx_word' id='word_1_215' title='bbox 626 3510 843 3563; x_wconf 80' lang='lat' dir='ltr'><strong>ntcnnnnttnn,</strong></span> <span class='ocrx_word' id='word_1_216' title='bbox 861 3509 950 3555; x_wconf 86' lang='lat' dir='ltr'><strong>iterum</strong></span> <span class='ocrx_word' id='word_1_217' title='bbox 963 3511 1077 3565; x_wconf 80' lang='lat' dir='ltr'><strong>probasse</strong></span> <span class='ocrx_word' id='word_1_218' title='bbox 1089 3509 1156 3556; x_wconf 83' lang='lat' dir='ltr'><strong>vide·</strong></span> 
     </span>
     <span class='ocr_line' id='line_1_31' title="bbox 154 3566 1156 3646; baseline 0.001 -10"><span class='ocrx_word' id='word_1_219' title='bbox 154 3566 206 3636; x_wconf 57' lang='lat' dir='ltr'><strong>turi</strong></span> <span class='ocrx_word' id='word_1_220' title='bbox 224 3588 304 3642; x_wconf 82' lang='lat' dir='ltr'><strong>Nam,</strong></span> <span class='ocrx_word' id='word_1_221' title='bbox 319 3598 395 3644; x_wconf 88' lang='lat' dir='ltr'><strong>quum</strong></span> <span class='ocrx_word' id='word_1_222' title='bbox 409 3587 435 3632; x_wconf 83' lang='lat' dir='ltr'><strong>in</strong></span> <span class='ocrx_word' id='word_1_223' title='bbox 449 3589 599 3645; x_wconf 79' lang='lat' dir='ltr'><strong>impatiente,</strong></span> <span class='ocrx_word' id='word_1_224' title='bbox 614 3590 794 3646; x_wconf 81' lang='lat' dir='ltr'><strong>quodammodo</strong></span> <span class='ocrx_word' id='word_1_225' title='bbox 810 3588 914 3642; x_wconf 82' lang='lat' dir='ltr'><strong>saitem,</strong></span> <span class='ocrx_word' id='word_1_226' title='bbox 930 3588 1036 3635; x_wconf 81' lang='lat' dir='ltr'><strong>stamina</strong></span> <span class='ocrx_word' id='word_1_227' title='bbox 1051 3601 1156 3646; x_wconf 71' lang='lat' dir='ltr'><strong>quatuor</strong></span> 
     </span>
     <span class='ocr_line' id='line_1_32' title="bbox 154 3664 1156 3731; baseline 0.001 -17"><span class='ocrx_word' id='word_1_228' title='bbox 154 3664 303 3731; x_wconf 74' lang='lat' dir='ltr'><strong>admiserit,</strong></span> <span class='ocrx_word' id='word_1_229' title='bbox 323 3665 364 3712; x_wconf 83' lang='lat' dir='ltr'><strong>rix</strong></span> <span class='ocrx_word' id='word_1_230' title='bbox 383 3666 457 3712; x_wconf 85' lang='lat' dir='ltr'><strong>aliter</strong></span> <span class='ocrx_word' id='word_1_231' title='bbox 473 3667 532 3714; x_wconf 83' lang='lat' dir='ltr'><strong>haec</strong></span> <span class='ocrx_word' id='word_1_232' title='bbox 548 3667 653 3715; x_wconf 86' lang='lat' dir='ltr'><strong>stamina</strong></span> <span class='ocrx_word' id='word_1_233' title='bbox 669 3669 787 3724; x_wconf 82' lang='lat' dir='ltr'><strong>quadrare</strong></span> <span class='ocrx_word' id='word_1_234' title='bbox 803 3675 917 3724; x_wconf 82' lang='lat' dir='ltr'><strong>poterant</strong></span> <span class='ocrx_word' id='word_1_235' title='bbox 931 3666 957 3714; x_wconf 91' lang='lat' dir='ltr'><strong>in</strong></span> <span class='ocrx_word' id='word_1_236' title='bbox 971 3669 1156 3715; x_wconf 76' lang='lat' dir='ltr'><strong>Balsaminearem</strong></span> 
     </span>
     <span class='ocr_line' id='line_1_33' title="bbox 155 3744 1155 3806; baseline -0.001 -12"><span class='ocrx_word' id='word_1_237' title='bbox 155 3746 278 3794; x_wconf 81' lang='lat' dir='ltr'><strong>corollam</strong></span> <span class='ocrx_word' id='word_1_238' title='bbox 292 3745 464 3802; x_wconf 79' lang='lat' dir='ltr'><strong>tetrapetaiam</strong></span> <span class='ocrx_word' id='word_1_239' title='bbox 476 3758 550 3802; x_wconf 83' lang='lat' dir='ltr'><strong>quam</strong></span> <span class='ocrx_word' id='word_1_240' title='bbox 562 3749 677 3804; x_wconf 82' lang='lat' dir='ltr'><strong>adoptata</strong></span> <span class='ocrx_word' id='word_1_241' title='bbox 692 3744 863 3798; x_wconf 73' lang='lat' dir='ltr'><strong>seminatione,</strong></span> <span class='ocrx_word' id='word_1_242' title='bbox 880 3751 1031 3794; x_wconf 71' lang='lat' dir='ltr'><strong>Fumariueae</strong></span> <span class='ocrx_word' id='word_1_243' title='bbox 1042 3749 1155 3806; x_wconf 81' lang='lat' dir='ltr'><strong>analoga.</strong></span> 
     </span>
     <span class='ocr_line' id='line_1_34' title="bbox 153 3823 1157 3884; baseline 0.004 -11"><span class='ocrx_word' id='word_1_244' title='bbox 153 3828 226 3877; x_wconf 78' lang='lat' dir='ltr'><strong>Hanc</strong></span> <span class='ocrx_word' id='word_1_245' title='bbox 245 3834 328 3873; x_wconf 79' lang='lat' dir='ltr'><strong>autem</strong></span> <span class='ocrx_word' id='word_1_246' title='bbox 350 3823 501 3884; x_wconf 79' lang='lat' dir='ltr'><strong>suspicatum</strong></span> <span class='ocrx_word' id='word_1_247' title='bbox 519 3827 740 3884; x_wconf 74' lang='lat' dir='ltr'><strong>receptaculorum</strong></span> <span class='ocrx_word' id='word_1_248' title='bbox 764 3826 1028 3882; x_wconf 79' lang='lat' dir='ltr'><strong>nnonnnottnnn,</strong></span> <span class='ocrx_word' id='word_1_249' title='bbox 1051 3830 1157 3883; x_wconf 79' lang='lat' dir='ltr'><strong>probant</strong></span> 
     </span>
     <span class='ocr_line' id='line_1_35' title="bbox 157 3901 1155 3962; baseline 0.002 -9"><span class='ocrx_word' id='word_1_250' title='bbox 157 3907 212 3960; x_wconf 79' lang='lat' dir='ltr'><strong>eius</strong></span> <span class='ocrx_word' id='word_1_251' title='bbox 228 3905 314 3950; x_wconf 84' lang='lat' dir='ltr'><strong>verba:</strong></span> <span class='ocrx_word' id='word_1_252' title='bbox 337 3901 383 3950; x_wconf 80' lang='lat' dir='ltr'><strong>flos</strong></span> <span class='ocrx_word' id='word_1_253' title='bbox 398 3901 446 3950; x_wconf 82' lang='lat' dir='ltr'><strong>fere</strong></span> <span class='ocrx_word' id='word_1_254' title='bbox 461 3904 656 3953; x_wconf 76' lang='lat' dir='ltr'><strong>Fumariacearum.</strong></span> <span class='ocrx_word' id='word_1_255' title='bbox 690 3907 776 3962; x_wconf 79' lang='lat' dir='ltr'><strong>Siquid</strong></span> <span class='ocrx_word' id='word_1_256' title='bbox 799 3907 903 3960; x_wconf 86' lang='lat' dir='ltr'><strong>mitum,</strong></span> <span class='ocrx_word' id='word_1_257' title='bbox 931 3905 977 3952; x_wconf 87' lang='lat' dir='ltr'><strong>hoc</strong></span> <span class='ocrx_word' id='word_1_258' title='bbox 992 3915 1036 3961; x_wconf 86' lang='lat' dir='ltr'><strong>est,</strong></span> <span class='ocrx_word' id='word_1_259' title='bbox 1060 3910 1155 3957; x_wconf 83' lang='lat' dir='ltr'><strong>numeri</strong></span> 
     </span>
     <span class='ocr_line' id='line_1_36' title="bbox 159 3983 831 4043; baseline -0.003 -10"><span class='ocrx_word' id='word_1_260' title='bbox 159 3984 327 4043; x_wconf 67' lang='lat' dir='ltr'><strong>corneliorum</strong></span> <span class='ocrx_word' id='word_1_261' title='bbox 343 3983 465 4032; x_wconf 79' lang='lat' dir='ltr'><strong>rationem</strong></span> <span class='ocrx_word' id='word_1_262' title='bbox 481 3984 590 4034; x_wconf 77' lang='lat' dir='ltr'><strong>habiturn</strong></span> <span class='ocrx_word' id='word_1_263' title='bbox 608 3999 660 4035; x_wconf 80' lang='lat' dir='ltr'><strong>esse</strong></span> <span class='ocrx_word' id='word_1_264' title='bbox 675 3987 778 4032; x_wconf 83' lang='lat' dir='ltr'><strong>nuliam.</strong></span> <span class='ocrx_word' id='word_1_265' title='bbox 803 3985 831 4031; x_wconf 85' lang='lat' dir='ltr'><strong>R.</strong></span> 
     </span>
    </p>
   </div>
   <div class='ocr_carea' id='block_1_7' title="bbox 0 0 1313 4688">
    <p class='ocr_par' dir='ltr' id='par_1_7' title="bbox 0 0 1313 4688">
     <span class='ocr_line' id='line_1_37' title="bbox 0 0 1313 4688; baseline 0 0"><span class='ocrx_word' id='word_1_266' title='bbox 0 0 1313 4688; x_wconf 95' lang='lat' dir='ltr'><strong> </strong></span> 
     </span>
    </p>
   </div>
  </div>
 </body>
</html>
