2604 4688
622 387 829 450 urs„

231 547 365 636 dicierim
379 568 445 611 non
462 549 603 624 aliterue
622 549 782 609 trimerum
794 562 926 611 enatura
944 547 1035 623 {uisse
1045 547 1221 623 formatum.

232 668 278 731 cl.
296 666 503 737 Ceuuussuuss
521 663 553 724 in
570 664 691 745 egregia
706 663 986 741 Sapindueearum
1003 663 1225 746 monographia

231 779 354 869 (Me'm.
371 782 422 861 du,
437 782 526 843 Mus.
541 775 649 839 d'luua
673 787 747 838 nau>
759 777 827 840 Vol.
846 778 958 841 XVIII.
978 797 1010 859 p.
1032 778 1061 839 6.
1077 780 1108 840 in
1127 774 1223 860 nota)

231 895 395 983 'observat²
432 915 465 955 se
487 911 651 953 numerum
672 890 875 973 carpellorum
906 891 1076 953 ternarium
1105 892 1138 952 in
1159 893 1226 954 Sa=

227 1011 397 1088 pindaceis
427 1007 566 1088 typicum
596 1003 735 1084 habere,
772 994 869 1088 quum
903 1025 1071 1087 numquam
1099 1005 1131 1066 in
1159 1005 1225 1082 'hac

230 1121 342 1185 familia
359 1119 496 1203 fructum
513 1133 732 1203 pentamerum
744 1116 864 1182 viderit.
918 1119 999 1179 Huic
1018 1135 1110 1200 quam
1128 1119 1228 1180 maxi·

229 1255 280 1298 me
300 1229 455 1295 adsentior
481 1241 513 1295 et
536 1251 647 1294 nemen
675 1232 740 1293 illos
774 1233 829 1315 qui
854 1233 885 1292 iu
908 1231 1027 1293 familiis
1057 1209 1228 1312 Sepiada«

224 1346 379 1431 precarem,
400 1337 699 1431 ,Polygclearum
729 1348 1029 1424 Borraginearum,
1067 1347 1227 1423 Labiatu-

230 1482 339 1538 rum,
361 1460 712 1541 Scropuularinearum
721 1503 733 1534 ,
772 1460 1057 1539 Asclepiadearum
1076 1459 1227 1541 plurima-

230 1595 364 1659 rumque
402 1575 528 1636 aliarum
554 1574 684 1657 carpella
708 1591 870 1655 suppressa
894 1587 1068 1656 quaerunt,
1106 1572 1228 1634 nodum

230 1690 263 1755 iu
284 1690 400 1768 Scirpo
414 1708 584 1772 quaerere.
635 1689 715 1750 Sunt
738 1689 860 1748 numeri
881 1684 1007 1770 quidam
1029 1687 1141 1769 quibus
1161 1660 1228 1749 Na-

230 1817 302 1865 tura
321 1800 465 1877 lubenter
484 1803 605 1880 utitur,
627 1815 660 1863 et
673 1801 728 1883 qui
744 1800 822 1862 hanc
845 1800 971 1864 obrem
996 1815 1059 1861 tam
1075 1801 1228 1884 frequen—

231 1932 281 1980 ter
303 1914 437 1978 redeunt
462 1917 494 1977 in
516 1917 624 1977 creatis
649 1925 686 1976 ut
709 1906 937 1997 quodammodo
958 1917 1108 1977 normales
1130 1918 1226 1996 fiant,

230 2032 308 2111 esti,
340 2045 484 2112 respectu
509 2028 612 2089 habito
635 2030 700 2110 typi
723 2028 898 2109 cujusdam,
928 2030 1148 2097 normalesvel
1166 2052 1226 2113 po-
1258 2088 1262 2093 .

230 2149 290 2209 tius
310 2144 493 2224 symmetrici
508 2163 570 2204 non
585 2144 655 2204 sint.
696 2138 855 2207 Numerus
874 2143 1008 2204 binarius
1024 2149 1056 2205 in
1069 2145 1228 2226 vegetabi-

229 2259 306 2347 lium
325 2257 630 2340 ditcoyiedoneorum
651 2256 803 2318 fructibus
825 2258 871 2318 ita*
891 2256 1037 2340 frequens
1064 2263 1225 2339 occurrit,

230 2377 323 2437 immo
344 2377 376 2436 in
399 2373 526 2435 floribus
547 2371 604 2431 alio
620 2387 762 2452 respectu
776 2372 1005 2452 regularissimis
1031 2372 1077 2458 (e.
1095 2398 1124 2457 g.
1145 2380 1223 2440 Am.

227 2469 452 2569 -pelidearumss
474 2489 740 2567 Apoeyuearum,
761 2488 1067 2567 Asclepiadearum,
1099 2495 1223 2556 Borra=

229 2607 402 2682 genearum
422 2599 651 2683 complurium,·
673 2603 896 2660 ,Rosacearum
915 2599 1108 2683 quarundam
1119 2598 1154 2685 ‚)
1188 2619 1226 2666 ut

231 2713 344 2776 eodem
366 2712 432 2773 fere
457 2713 528 2794 jure
556 2715 588 2773 iu
622 2713 688 2794 ipso
724 2715 916 2796 acquiescere
950 2715 1103 2797 possimus
1129 2739 1163 2777 ac
1192 2720 1225 2780 in

231 2849 361 2891 numero
389 2827 550 2908 quinario,
583 2840 615 2885 et
636 2823 762 2906 quidem
782 2827 841 2888 boc
864 2849 900 2889 eo
921 2829 1036 2910 magis,
1067 2831 1139 2914 quia
1158 2828 1224 2892 duc

230 2944 322 3026 primi
350 2938 425 3001 nodi
450 2941 482 2999 in
508 2939 618 3020 plantis
645 2938 884 3018 dicotyledoneis
906 2963 1027 3027 semper
1057 2946 1225 3009 arctissime

227 3058 330 3143 juncti
352 3067 444 3134 sunt,
477 3051 674 3133 cotyledones
702 3052 778 3116 duas
799 3055 1003 3137 proferentes.
1059 3060 1226 3122 Praeterea

230 3193 357 3255 quoque
375 3145 407 3231 in
428 3169 545 3229 familiis
566 3167 739 3249 plantarum
760 3169 871 3251 quibus
898 3189 1084 3248 gynaeceum
1104 3175 1226 3256 saepius

230 3287 410 3363 tumerem,
442 3279 560 3343 reditus
586 3279 624 3343 ed
649 3303 812 3346 numerum
836 3283 989 3347 binarium
1011 3286 1228 3369 frequentissi-

230 3420 299 3463 mus
318 3397 507 3460 observetur.
530 3392 590 3480 (cf.
612 3400 888 3477 Campanulaceas
898 3442 911 3475 ,
932 3403 1205 3466 Convolculaeeas
1212 3449 1226 3482 ,

232 3513 509 3594 Euphorbiaceas‚
532 3512 788 3594 Uaryoplzylleas
806 3526 864 3574 cet.
882 3509 974 3597 ceu).
1015 3515 1106 3576 Hisce
1125 3520 1226 3580 omui-

229 3626 293 3703 bus
309 3627 486 3710 perpensis,
507 3625 689 3687 haberemus
707 3628 817 3689 florem
833 3630 1006 3708 Tropaeob'
1029 3634 1226 3696 21-merum

229 3759 334 3822 neque
356 3747 561 3819 30-merum‚
584 3752 615 3799 et
636 3737 762 3821 quidem
781 3741 843 3821 ita,
873 3732 909 3804 ut
930 3742 1112 3804 verticillum
1132 3744 1226 3807 flora-

232 3850 294 3916 lem
312 3855 452 3933 tertium,
476 3851 687 3934 glandulosum
699 3895 709 3932 ‚
730 3871 960 3935 pentamerum,
982 3879 1078 3940 aeque
1101 3880 1136 3918 ac
1162 3875 1225 3923 sta-

231 3969 314 4032 mine
328 3970 454 4052 imparia
471 3971 501 4028 in
519 3986 708 4050 unoquoque
728 3968 901 4032 androeceo
923 3991 986 4032 non
1005 3971 1172 4056 evolverit,
1194 3990 1226 4036 et
