<?xml version="1.0" encoding="UTF-8"?>
<!DOCTYPE html PUBLIC "-//W3C//DTD XHTML 1.0 Transitional//EN"
    "http://www.w3.org/TR/xhtml1/DTD/xhtml1-transitional.dtd">
<html xmlns="http://www.w3.org/1999/xhtml" xml:lang="en" lang="en">
 <head>
  <title>
</title>
<meta http-equiv="Content-Type" content="text/html;charset=utf-8" />
  <meta name='ocr-system' content='tesseract 3.04.00' />
  <meta name='ocr-capabilities' content='ocr_page ocr_carea ocr_par ocr_line ocrx_word'/>
</head>
<body>
  <div class='ocr_page' id='page_1' title='image "./defloribusetaff00rpgoog_0028.png"; bbox 0 0 2604 4688; ppageno 0'>
   <div class='ocr_carea' id='block_1_1' title="bbox 545 393 747 451">
    <p class='ocr_par' dir='ltr' id='par_1_1' title="bbox 545 393 747 451">
     <span class='ocr_line' id='line_1_1' title="bbox 545 393 747 451; baseline 0.035 -7"><span class='ocrx_word' id='word_1_1' title='bbox 545 393 747 451; x_wconf 57' lang='lat'>—232-</span> 
     </span>
    </p>
   </div>
   <div class='ocr_carea' id='block_1_2' title="bbox 148 543 1188 4048">
    <p class='ocr_par' dir='ltr' id='par_1_2' title="bbox 148 543 1188 2226">
     <span class='ocr_line' id='line_1_2' title="bbox 151 543 1142 629; baseline 0 -20"><span class='ocrx_word' id='word_1_2' title='bbox 151 552 274 624; x_wconf 69' lang='lat' dir='ltr'><strong>caratis</strong></span> <span class='ocrx_word' id='word_1_3' title='bbox 297 543 519 626; x_wconf 78' lang='lat' dir='ltr'><strong>adnumerans,</strong></span> <span class='ocrx_word' id='word_1_4' title='bbox 549 565 612 629; x_wconf 85' lang='lat' dir='ltr'><strong>quo</strong></span> <span class='ocrx_word' id='word_1_5' title='bbox 633 546 757 614; x_wconf 85' lang='lat' dir='ltr'><strong>nomine</strong></span> <span class='ocrx_word' id='word_1_6' title='bbox 784 546 931 623; x_wconf 81' lang='lat' dir='ltr'><strong>Violam,</strong></span> <span class='ocrx_word' id='word_1_7' title='bbox 960 551 1142 627; x_wconf 44' lang='lat' dir='ltr'><strong>Impatiens</strong></span> 
     </span>
     <span class='ocr_line' id='line_1_3' title="bbox 150 635 1139 742; baseline -0.002 -18"><span class='ocrx_word' id='word_1_8' title='bbox 150 677 234 740; x_wconf 81' lang='lat' dir='ltr'><strong>tem,</strong></span> <span class='ocrx_word' id='word_1_9' title='bbox 266 635 423 739; x_wconf 81' lang='lat' dir='ltr'><strong>Qualeam</strong></span> <span class='ocrx_word' id='word_1_10' title='bbox 450 675 482 722; x_wconf 89' lang='lat' dir='ltr'><strong>et</strong></span> <span class='ocrx_word' id='word_1_11' title='bbox 510 663 729 725; x_wconf 81' lang='lat' dir='ltr'><strong>Cucullarinm</strong></span> <span class='ocrx_word' id='word_1_12' title='bbox 756 657 904 742; x_wconf 83' lang='lat' dir='ltr'><strong>designat.</strong></span> <span class='ocrx_word' id='word_1_13' title='bbox 925 656 992 740; x_wconf 80' lang='lat' dir='ltr'><strong>(cf.</strong></span> <span class='ocrx_word' id='word_1_14' title='bbox 1016 660 1139 736; x_wconf 60' lang='lat' dir='ltr'><strong>Batschq</strong></span> 
     </span>
     <span class='ocr_line' id='line_1_4' title="bbox 150 772 1139 857; baseline -0.005 -17"><span class='ocrx_word' id='word_1_15' title='bbox 150 778 224 855; x_wconf 82' lang='lat' dir='ltr'><strong>Syn.</strong></span> <span class='ocrx_word' id='word_1_16' title='bbox 250 776 333 838; x_wconf 87' lang='lat' dir='ltr'><strong>univ.</strong></span> <span class='ocrx_word' id='word_1_17' title='bbox 358 774 467 854; x_wconf 80' lang='lat' dir='ltr'><strong>analyt</strong></span> <span class='ocrx_word' id='word_1_18' title='bbox 491 775 579 839; x_wconf 83' lang='grc'><strong>1793.</strong></span> <span class='ocrx_word' id='word_1_19' title='bbox 601 773 734 836; x_wconf 76' lang='lat' dir='ltr'><strong>Tabulas</strong></span> <span class='ocrx_word' id='word_1_20' title='bbox 755 772 937 840; x_wconf 73' lang='lat' dir='ltr'><strong>affinitatum</strong></span> <span class='ocrx_word' id='word_1_21' title='bbox 954 793 1023 837; x_wconf 91' lang='lat' dir='ltr'><strong>non·</strong></span> <span class='ocrx_word' id='word_1_22' title='bbox 1041 774 1139 857; x_wconf 82' lang='lat' dir='ltr'><strong>vidi).</strong></span> 
     </span>
     <span class='ocr_line' id='line_1_5' title="bbox 149 888 1142 971; baseline -0.004 -18"><span class='ocrx_word' id='word_1_23' title='bbox 149 891 375 953; x_wconf 87' lang='lat' dir='ltr'><strong>lllustrissimus</strong></span> <span class='ocrx_word' id='word_1_24' title='bbox 395 889 433 952; x_wconf 75' lang='lat' dir='ltr'><strong>A.</strong></span> <span class='ocrx_word' id='word_1_25' title='bbox 453 891 488 953; x_wconf 86' lang='lat' dir='ltr'><strong>L.</strong></span> <span class='ocrx_word' id='word_1_26' title='bbox 510 911 551 953; x_wconf 84' lang='lat' dir='ltr'><strong>nn</strong></span> <span class='ocrx_word' id='word_1_27' title='bbox 573 891 711 968; x_wconf 83' lang='lat' dir='ltr'><strong>Jnssruu,</strong></span> <span class='ocrx_word' id='word_1_28' title='bbox 731 888 786 971; x_wconf 89' lang='lat' dir='ltr'><strong>qui</strong></span> <span class='ocrx_word' id='word_1_29' title='bbox 805 889 927 971; x_wconf 81' lang='lat' dir='ltr'><strong>ingenio</strong></span> <span class='ocrx_word' id='word_1_30' title='bbox 946 909 1004 950; x_wconf 89' lang='lat' dir='ltr'><strong>suo</strong></span> <span class='ocrx_word' id='word_1_31' title='bbox 1025 888 1142 950; x_wconf 78' lang='lat' dir='ltr'><strong>stabili-</strong></span> 
     </span>
     <span class='ocr_line' id='line_1_6' title="bbox 149 990 1142 1088; baseline 0.003 -24"><span class='ocrx_word' id='word_1_32' title='bbox 149 1005 194 1066; x_wconf 85' lang='lat' dir='ltr'><strong>vit</strong></span> <span class='ocrx_word' id='word_1_33' title='bbox 216 1004 340 1065; x_wconf 79' lang='lat' dir='ltr'><strong>familias</strong></span> <span class='ocrx_word' id='word_1_34' title='bbox 360 1005 551 1087; x_wconf 83' lang='lat' dir='ltr'><strong>planterum,</strong></span> <span class='ocrx_word' id='word_1_35' title='bbox 571 1005 688 1088; x_wconf 85' lang='lat' dir='ltr'><strong>primus</strong></span> <span class='ocrx_word' id='word_1_36' title='bbox 705 1003 863 1086; x_wconf 87' lang='lat' dir='ltr'><strong>perspexit</strong></span> <span class='ocrx_word' id='word_1_37' title='bbox 879 1002 1056 1064; x_wconf 80' lang='lat' dir='ltr'><strong>affinitatem</strong></span> <span class='ocrx_word' id='word_1_38' title='bbox 1068 990 1142 1067; x_wconf 62' lang='lat' dir='ltr'><strong>&#39;Ina</strong></span> 
     </span>
     <span class='ocr_line' id='line_1_7' title="bbox 148 1119 1143 1198; baseline 0.001 -17"><span class='ocrx_word' id='word_1_39' title='bbox 148 1125 306 1198; x_wconf 82' lang='lat' dir='ltr'><strong>patientis</strong></span> <span class='ocrx_word' id='word_1_40' title='bbox 327 1141 396 1183; x_wconf 91' lang='lat' dir='ltr'><strong>oum</strong></span> <span class='ocrx_word' id='word_1_41' title='bbox 416 1124 631 1183; x_wconf 60' lang='lat' dir='ltr'><strong>Geraniaeeisc</strong></span> <span class='ocrx_word' id='word_1_42' title='bbox 673 1121 888 1180; x_wconf 79' lang='lat' dir='ltr'><strong>Geraniaceae</strong></span> <span class='ocrx_word' id='word_1_43' title='bbox 910 1119 1049 1191; x_wconf 81' lang='lat' dir='ltr'><strong>Jnssrnno</strong></span> <span class='ocrx_word' id='word_1_44' title='bbox 1068 1131 1143 1189; x_wconf 80' lang='lat' dir='ltr'><strong>sunt</strong></span> 
     </span>
     <span class='ocr_line' id='line_1_8' title="bbox 151 1233 1142 1314; baseline -0.001 -21"><span class='ocrx_word' id='word_1_45' title='bbox 151 1236 328 1294; x_wconf 84' lang='lat' dir='ltr'><strong>Geranium</strong></span> <span class='ocrx_word' id='word_1_46' title='bbox 353 1249 385 1296; x_wconf 85' lang='lat' dir='ltr'><strong>et</strong></span> <span class='ocrx_word' id='word_1_47' title='bbox 412 1239 611 1310; x_wconf 78' lang='lat' dir='ltr'><strong>Monsonr&#39;n5</strong></span> <span class='ocrx_word' id='word_1_48' title='bbox 639 1236 882 1314; x_wconf 72' lang='lat' dir='ltr'><strong>Impatiensem,</strong></span> <span class='ocrx_word' id='word_1_49' title='bbox 912 1233 1084 1294; x_wconf 78' lang='lat' dir='ltr'><strong>oxalidem</strong></span> <span class='ocrx_word' id='word_1_50' title='bbox 1109 1245 1142 1301; x_wconf 79' lang='lat' dir='ltr'><strong>et</strong></span> 
     </span>
     <span class='ocr_line' id='line_1_9' title="bbox 152 1341 1143 1427; baseline -0.003 -21"><span class='ocrx_word' id='word_1_51' title='bbox 152 1349 367 1425; x_wconf 82' lang='lat' dir='ltr'><strong>Tropceolum</strong></span> <span class='ocrx_word' id='word_1_52' title='bbox 388 1363 530 1410; x_wconf 77' lang='lat' dir='ltr'><strong>recenset</strong></span> <span class='ocrx_word' id='word_1_53' title='bbox 550 1348 672 1409; x_wconf 85' lang='lat' dir='ltr'><strong>nominc</strong></span> <span class='ocrx_word' id='word_1_54' title='bbox 696 1366 844 1427; x_wconf 82' lang='lat' dir='ltr'><strong>generum</strong></span> <span class='ocrx_word' id='word_1_55' title='bbox 869 1347 1075 1420; x_wconf 72' lang='lat' dir='ltr'><strong>Gereniaceis</strong></span> <span class='ocrx_word' id='word_1_56' title='bbox 1095 1341 1143 1404; x_wconf 48' lang='lat' dir='ltr'><strong>afa</strong></span> 
     </span>
     <span class='ocr_line' id='line_1_10' title="bbox 150 1457 1142 1543; baseline -0.001 -24"><span class='ocrx_word' id='word_1_57' title='bbox 150 1461 255 1522; x_wconf 87' lang='lat' dir='ltr'><strong>linium</strong></span> <span class='ocrx_word' id='word_1_58' title='bbox 276 1459 380 1540; x_wconf 84' lang='lat' dir='ltr'><strong>(Gen.</strong></span> <span class='ocrx_word' id='word_1_59' title='bbox 409 1462 503 1543; x_wconf 85' lang='lat' dir='ltr'><strong>plant.</strong></span> <span class='ocrx_word' id='word_1_60' title='bbox 534 1459 651 1541; x_wconf 79' lang='lat'><strong>1789.)</strong></span> <span class='ocrx_word' id='word_1_61' title='bbox 702 1460 816 1520; x_wconf 85' lang='lat' dir='ltr'><strong>Censet</strong></span> <span class='ocrx_word' id='word_1_62' title='bbox 840 1457 881 1518; x_wconf 87' lang='lat' dir='ltr'><strong>ill.</strong></span> <span class='ocrx_word' id='word_1_63' title='bbox 906 1467 1015 1517; x_wconf 79' lang='lat' dir='ltr'><strong>auctor</strong></span> <span class='ocrx_word' id='word_1_64' title='bbox 1045 1474 1142 1536; x_wconf 81' lang='lat' dir='ltr'><strong>genus</strong></span> 
     </span>
     <span class='ocr_line' id='line_1_11' title="bbox 149 1569 1141 1665; baseline -0.001 -33"><span class='ocrx_word' id='word_1_65' title='bbox 149 1573 197 1633; x_wconf 86' lang='lat' dir='ltr'><strong>sui</strong></span> <span class='ocrx_word' id='word_1_66' title='bbox 214 1573 329 1665; x_wconf 78' lang='lat' dir='ltr'><strong>ordinis</strong></span> <span class='ocrx_word' id='word_1_67' title='bbox 349 1596 420 1636; x_wconf 83' lang='lat' dir='ltr'><strong>vero</strong></span> <span class='ocrx_word' id='word_1_68' title='bbox 437 1576 567 1637; x_wconf 87' lang='lat' dir='ltr'><strong>unicum.</strong></span> <span class='ocrx_word' id='word_1_69' title='bbox 579 1595 657 1652; x_wconf 86' lang='lat' dir='ltr'><strong>esse,</strong></span> <span class='ocrx_word' id='word_1_70' title='bbox 678 1587 709 1633; x_wconf 88' lang='lat' dir='ltr'><strong>et</strong></span> <span class='ocrx_word' id='word_1_71' title='bbox 727 1571 859 1656; x_wconf 84' lang='lat' dir='ltr'><strong>quaerit,</strong></span> <span class='ocrx_word' id='word_1_72' title='bbox 878 1590 955 1630; x_wconf 81' lang='lat' dir='ltr'><strong>anne</strong></span> <span class='ocrx_word' id='word_1_73' title='bbox 966 1589 1025 1650; x_wconf 88' lang='lat' dir='ltr'><strong>pro</strong></span> <span class='ocrx_word' id='word_1_74' title='bbox 1041 1569 1141 1648; x_wconf 81' lang='lat' dir='ltr'><strong>calyce</strong></span> 
     </span>
     <span class='ocr_line' id='line_1_12' title="bbox 149 1684 1142 1770; baseline -0.001 -24"><span class='ocrx_word' id='word_1_75' title='bbox 149 1684 290 1747; x_wconf 84' lang='lat' dir='ltr'><strong>habenda</strong></span> <span class='ocrx_word' id='word_1_76' title='bbox 303 1687 439 1769; x_wconf 82' lang='lat' dir='ltr'><strong>petalum</strong></span> <span class='ocrx_word' id='word_1_77' title='bbox 457 1687 589 1749; x_wconf 88' lang='lat' dir='ltr'><strong>liberum</strong></span> <span class='ocrx_word' id='word_1_78' title='bbox 609 1702 641 1749; x_wconf 91' lang='lat' dir='ltr'><strong>et</strong></span> <span class='ocrx_word' id='word_1_79' title='bbox 658 1687 793 1770; x_wconf 73' lang='lat' dir='ltr'><strong>sepulum</strong></span> <span class='ocrx_word' id='word_1_80' title='bbox 811 1685 1142 1747; x_wconf 67' lang='lat' dir='ltr'><strong>catenatum-Para-</strong></span> 
     </span>
     <span class='ocr_line' id='line_1_13' title="bbox 151 1799 1142 1882; baseline 0.001 -24"><span class='ocrx_word' id='word_1_81' title='bbox 151 1799 249 1860; x_wconf 89' lang='lat' dir='ltr'><strong>doxus</strong></span> <span class='ocrx_word' id='word_1_82' title='bbox 268 1803 422 1864; x_wconf 70' lang='lat' dir='ltr'><strong>Neomuus</strong></span> <span class='ocrx_word' id='word_1_83' title='bbox 443 1806 669 1882; x_wconf 80' lang='lat' dir='ltr'><strong>Impatientem</strong></span> <span class='ocrx_word' id='word_1_84' title='bbox 685 1821 746 1861; x_wconf 85' lang='lat' dir='ltr'><strong>una</strong></span> <span class='ocrx_word' id='word_1_85' title='bbox 767 1820 838 1860; x_wconf 89' lang='lat' dir='ltr'><strong>oum</strong></span> <span class='ocrx_word' id='word_1_86' title='bbox 861 1802 1040 1875; x_wconf 83' lang='lat' dir='ltr'><strong>Fumaria,</strong></span> <span class='ocrx_word' id='word_1_87' title='bbox 1077 1801 1142 1871; x_wconf 55' lang='lat' dir='ltr'><strong>Poe&gt;</strong></span> 
     </span>
     <span class='ocr_line' id='line_1_14' title="bbox 150 1914 1142 1996; baseline -0.001 -24"><span class='ocrx_word' id='word_1_88' title='bbox 150 1915 275 1992; x_wconf 82' lang='lat' dir='ltr'><strong>lygala,</strong></span> <span class='ocrx_word' id='word_1_89' title='bbox 297 1915 493 1992; x_wconf 79' lang='lat' dir='ltr'><strong>Meliantlw,</strong></span> <span class='ocrx_word' id='word_1_90' title='bbox 517 1918 625 1995; x_wconf 79' lang='lat' dir='ltr'><strong>Viola,</strong></span> <span class='ocrx_word' id='word_1_91' title='bbox 648 1918 838 1996; x_wconf 82' lang='lat' dir='ltr'><strong>Tropaeolo,</strong></span> <span class='ocrx_word' id='word_1_92' title='bbox 862 1917 1033 1994; x_wconf 76' lang='lat' dir='ltr'><strong>Trigonia,</strong></span> <span class='ocrx_word' id='word_1_93' title='bbox 1051 1914 1142 1974; x_wconf 66' lang='lat' dir='ltr'><strong>Cleua</strong></span> 
     </span>
     <span class='ocr_line' id='line_1_15' title="bbox 150 2027 1143 2111; baseline 0.002 -27"><span class='ocrx_word' id='word_1_94' title='bbox 150 2047 200 2084; x_wconf 82' lang='lat' dir='ltr'><strong>me</strong></span> <span class='ocrx_word' id='word_1_95' title='bbox 228 2039 259 2086; x_wconf 88' lang='lat' dir='ltr'><strong>et</strong></span> <span class='ocrx_word' id='word_1_96' title='bbox 288 2029 512 2106; x_wconf 72' lang='lat' dir='ltr'><strong>Leguminosn</strong></span> <span class='ocrx_word' id='word_1_97' title='bbox 540 2029 682 2111; x_wconf 80' lang='lat' dir='ltr'><strong>duabus,</strong></span> <span class='ocrx_word' id='word_1_98' title='bbox 713 2030 916 2091; x_wconf 74' lang='lat' dir='ltr'><strong>Schwartzio</strong></span> <span class='ocrx_word' id='word_1_99' title='bbox 939 2027 1084 2099; x_wconf 87' lang='lat' dir='ltr'><strong>nimirum</strong></span> <span class='ocrx_word' id='word_1_100' title='bbox 1110 2039 1143 2086; x_wconf 90' lang='lat' dir='ltr'><strong>et</strong></span> 
     </span>
     <span class='ocr_line' id='line_1_16' title="bbox 153 2139 1188 2226; baseline -0.001 -23"><span class='ocrx_word' id='word_1_101' title='bbox 153 2141 188 2203; x_wconf 92' lang='lat' dir='ltr'><em>V</em></span> <span class='ocrx_word' id='word_1_102' title='bbox 183 2161 299 2218; x_wconf 74' lang='lat' dir='ltr'><strong>ocupa,</strong></span> <span class='ocrx_word' id='word_1_103' title='bbox 326 2142 645 2226; x_wconf 68' lang='lat' dir='ltr'><strong>Amorplsonophytis</strong></span> <span class='ocrx_word' id='word_1_104' title='bbox 656 2141 775 2206; x_wconf 85' lang='lat' dir='ltr'><strong>addidit</strong></span> <span class='ocrx_word' id='word_1_105' title='bbox 796 2139 814 2220; x_wconf 92' lang='lat'><strong>(</strong></span> <span class='ocrx_word' id='word_1_106' title='bbox 821 2142 918 2204; x_wconf 82' lang='lat' dir='ltr'><strong>Elem.</strong></span> <span class='ocrx_word' id='word_1_107' title='bbox 941 2139 1142 2221; x_wconf 73' lang='lat' dir='ltr'><strong>bot.1l90)‚</strong></span> <span class='ocrx_word' id='word_1_108' title='bbox 1187 2177 1188 2181; x_wconf 62' lang='lat'><em>=</em></span> 
     </span>
    </p>

    <p class='ocr_par' dir='ltr' id='par_1_3' title="bbox 150 2237 1146 2560">
     <span class='ocr_line' id='line_1_17' title="bbox 210 2237 1142 2334; baseline 0.002 -22"><span class='ocrx_word' id='word_1_109' title='bbox 210 2254 355 2314; x_wconf 91' lang='lat' dir='ltr'><strong>Summus</strong></span> <span class='ocrx_word' id='word_1_110' title='bbox 369 2256 599 2318; x_wconf 75' lang='lat' dir='ltr'><strong>Dncaunoncrns</strong></span> <span class='ocrx_word' id='word_1_111' title='bbox 615 2258 645 2317; x_wconf 93' lang='lat' dir='ltr'><strong>in</strong></span> <span class='ocrx_word' id='word_1_112' title='bbox 661 2262 758 2332; x_wconf 84' lang='lat' dir='ltr'><strong>floro</strong></span> <span class='ocrx_word' id='word_1_113' title='bbox 777 2237 903 2317; x_wconf 75' lang='lat' dir='ltr'><strong>Gallica</strong></span> <span class='ocrx_word' id='word_1_114' title='bbox 921 2249 1051 2334; x_wconf 86' lang='lat'>(1805)</span> <span class='ocrx_word' id='word_1_115' title='bbox 1070 2256 1142 2314; x_wconf 86' lang='lat' dir='ltr'><strong>Jus-</strong></span> 
     </span>
     <span class='ocr_line' id='line_1_18' title="bbox 150 2365 1146 2451; baseline 0.007 -26"><span class='ocrx_word' id='word_1_116' title='bbox 150 2385 237 2428; x_wconf 85' lang='lat' dir='ltr'><strong>srnnu</strong></span> <span class='ocrx_word' id='word_1_117' title='bbox 254 2368 414 2448; x_wconf 88' lang='lat' dir='ltr'><strong>sequitur,</strong></span> <span class='ocrx_word' id='word_1_118' title='bbox 442 2388 544 2451; x_wconf 84' lang='lat' dir='ltr'><strong>neque</strong></span> <span class='ocrx_word' id='word_1_119' title='bbox 574 2370 606 2429; x_wconf 93' lang='lat' dir='ltr'><strong>in</strong></span> <span class='ocrx_word' id='word_1_120' title='bbox 635 2371 872 2448; x_wconf 73' lang='lat' dir='ltr'><strong>Supplemcnto¹</strong></span> <span class='ocrx_word' id='word_1_121' title='bbox 901 2365 1031 2451; x_wconf 82' lang='lat'>(1815)</span> <span class='ocrx_word' id='word_1_122' title='bbox 1054 2366 1146 2446; x_wconf 72' lang='lat' dir='ltr'><strong>aliam</strong></span> 
     </span>
     <span class='ocr_line' id='line_1_19' title="bbox 151 2480 448 2560; baseline 0.007 -22"><span class='ocrx_word' id='word_1_123' title='bbox 151 2480 246 2539; x_wconf 84' lang='lat' dir='ltr'><strong>ellert</strong></span> <span class='ocrx_word' id='word_1_124' title='bbox 264 2481 448 2560; x_wconf 86' lang='lat' dir='ltr'><strong>opinionem.</strong></span> 
     </span>
    </p>

    <p class='ocr_par' dir='ltr' id='par_1_4' title="bbox 148 2587 1143 4048">
     <span class='ocr_line' id='line_1_20' title="bbox 208 2587 1141 2678; baseline 0.002 -23"><span class='ocrx_word' id='word_1_125' title='bbox 208 2587 390 2655; x_wconf 88' lang='lat' dir='ltr'><strong>Novissimls</strong></span> <span class='ocrx_word' id='word_1_126' title='bbox 421 2593 553 2678; x_wconf 86' lang='lat' dir='ltr'><strong>denique</strong></span> <span class='ocrx_word' id='word_1_127' title='bbox 582 2595 771 2678; x_wconf 79' lang='lat' dir='ltr'><strong>temporibus</strong></span> <span class='ocrx_word' id='word_1_128' title='bbox 799 2597 836 2656; x_wconf 79' lang='lat' dir='ltr'><strong>A.</strong></span> <span class='ocrx_word' id='word_1_129' title='bbox 863 2598 1066 2672; x_wconf 75' lang='lat' dir='ltr'><strong>chulnoms,</strong></span> <span class='ocrx_word' id='word_1_130' title='bbox 1091 2595 1141 2657; x_wconf 82' lang='lat' dir='ltr'><strong>cui</strong></span> 
     </span>
     <span class='ocr_line' id='line_1_21' title="bbox 148 2709 1141 2793; baseline 0.005 -29"><span class='ocrx_word' id='word_1_131' title='bbox 148 2718 237 2785; x_wconf 84' lang='lat' dir='ltr'><strong>pater</strong></span> <span class='ocrx_word' id='word_1_132' title='bbox 255 2722 380 2788; x_wconf 74' lang='lat' dir='ltr'><strong>praeter</strong></span> <span class='ocrx_word' id='word_1_133' title='bbox 397 2731 510 2772; x_wconf 89' lang='lat' dir='ltr'><strong>nomen</strong></span> <span class='ocrx_word' id='word_1_134' title='bbox 528 2709 645 2773; x_wconf 84' lang='lat' dir='ltr'><strong>illustre</strong></span> <span class='ocrx_word' id='word_1_135' title='bbox 663 2725 694 2772; x_wconf 87' lang='lat' dir='ltr'><strong>et</strong></span> <span class='ocrx_word' id='word_1_136' title='bbox 712 2711 867 2793; x_wconf 83' lang='lat' dir='ltr'><strong>ingenium</strong></span> <span class='ocrx_word' id='word_1_137' title='bbox 881 2709 1007 2792; x_wconf 83' lang='lat' dir='ltr'><strong>legavit,</strong></span> <span class='ocrx_word' id='word_1_138' title='bbox 1029 2712 1141 2787; x_wconf 85' lang='lat' dir='ltr'><strong><em>Impa-</em></strong></span> 
     </span>
     <span class='ocr_line' id='line_1_22' title="bbox 150 2824 1141 2912; baseline 0.007 -34"><span class='ocrx_word' id='word_1_139' title='bbox 150 2825 281 2882; x_wconf 80' lang='lat' dir='ltr'><strong>tientem</strong></span> <span class='ocrx_word' id='word_1_140' title='bbox 313 2843 330 2881; x_wconf 84' lang='lat' dir='ltr'>a</span> <span class='ocrx_word' id='word_1_141' title='bbox 363 2824 570 2885; x_wconf 78' lang='lat' dir='ltr'><strong>Geraniaceis</strong></span> <span class='ocrx_word' id='word_1_142' title='bbox 603 2826 711 2888; x_wconf 83' lang='lat' dir='ltr'><strong>avulsit</strong></span> <span class='ocrx_word' id='word_1_143' title='bbox 732 2845 911 2912; x_wconf 67' lang='lat' dir='ltr'><strong>,novamque</strong></span> <span class='ocrx_word' id='word_1_144' title='bbox 944 2824 1141 2906; x_wconf 82' lang='lat' dir='ltr'><strong>proclamavit</strong></span> 
     </span>
     <span class='ocr_line' id='line_1_23' title="bbox 150 2924 1141 3022; baseline 0.01 -33"><span class='ocrx_word' id='word_1_145' title='bbox 150 2931 301 2993; x_wconf 75' lang='lat' dir='ltr'><strong>familiam.</strong></span> <span class='ocrx_word' id='word_1_146' title='bbox 349 2936 449 2997; x_wconf 89' lang='lat' dir='ltr'><strong>Doleo</strong></span> <span class='ocrx_word' id='word_1_147' title='bbox 474 2959 668 3022; x_wconf 79' lang='lat' dir='ltr'><strong>magnopere·</strong></span> <span class='ocrx_word' id='word_1_148' title='bbox 681 2924 760 3022; x_wconf 86' lang='lat' dir='ltr'><strong>opus¹</strong></span> <span class='ocrx_word' id='word_1_149' title='bbox 778 2941 810 3000; x_wconf 89' lang='lat' dir='ltr'><strong>in</strong></span> <span class='ocrx_word' id='word_1_150' title='bbox 834 2960 896 3022; x_wconf 91' lang='lat' dir='ltr'><strong>quo</strong></span> <span class='ocrx_word' id='word_1_151' title='bbox 918 2939 1051 3001; x_wconf 85' lang='lat' dir='ltr'><strong>rationes</strong></span> <span class='ocrx_word' id='word_1_152' title='bbox 1070 2956 1141 2999; x_wconf 85' lang='lat' dir='ltr'><strong>suas</strong></span> 
     </span>
     <span class='ocr_line' id='line_1_24' title="bbox 151 3044 1140 3132; baseline 0.006 -28"><span class='ocrx_word' id='word_1_153' title='bbox 151 3057 182 3104; x_wconf 88' lang='lat' dir='ltr'><strong>et</strong></span> <span class='ocrx_word' id='word_1_154' title='bbox 200 3044 328 3106; x_wconf 81' lang='lat' dir='ltr'><strong>familiae</strong></span> <span class='ocrx_word' id='word_1_155' title='bbox 351 3044 557 3112; x_wconf 82' lang='lat' dir='ltr'><strong>characterem</strong></span> <span class='ocrx_word' id='word_1_156' title='bbox 579 3052 683 3132; x_wconf 87' lang='lat' dir='ltr'><strong>dedit,</strong></span> <span class='ocrx_word' id='word_1_157' title='bbox 710 3053 784 3113; x_wconf 87' lang='lat' dir='ltr'><strong>mihi</strong></span> <span class='ocrx_word' id='word_1_158' title='bbox 809 3073 872 3112; x_wconf 92' lang='lat' dir='ltr'><strong>non</strong></span> <span class='ocrx_word' id='word_1_159' title='bbox 892 3067 1015 3132; x_wconf 88' lang='lat' dir='ltr'><strong>praesto</strong></span> <span class='ocrx_word' id='word_1_160' title='bbox 1036 3051 1140 3112; x_wconf 81' lang='lat' dir='ltr'><strong>luisse.</strong></span> 
     </span>
     <span class='ocr_line' id='line_1_25' title="bbox 150 3159 1142 3248; baseline 0.006 -28"><span class='ocrx_word' id='word_1_161' title='bbox 150 3159 352 3220; x_wconf 80' lang='lat' dir='ltr'><strong>Sanoiveruut</strong></span> <span class='ocrx_word' id='word_1_162' title='bbox 367 3161 526 3225; x_wconf 74' lang='lat' dir='ltr'><strong>thusnnu</strong></span> <span class='ocrx_word' id='word_1_163' title='bbox 556 3162 695 3227; x_wconf 80' lang='lat' dir='ltr'><strong>familiam</strong></span> <span class='ocrx_word' id='word_1_164' title='bbox 713 3165 768 3226; x_wconf 88' lang='lat' dir='ltr'><strong>viri</strong></span> <span class='ocrx_word' id='word_1_165' title='bbox 793 3163 940 3248; x_wconf 82' lang='lat' dir='ltr'><strong>praeclari</strong></span> <span class='ocrx_word' id='word_1_166' title='bbox 958 3165 1142 3226; x_wconf 78' lang='lat' dir='ltr'><strong>Dnctunon-</strong></span> 
     </span>
     <span class='ocr_line' id='line_1_26' title="bbox 150 3270 1143 3348; baseline 0.006 -16"><span class='ocrx_word' id='word_1_167' title='bbox 150 3290 213 3332; x_wconf 82' lang='lat' dir='ltr'><strong>mus</strong></span> <span class='ocrx_word' id='word_1_168' title='bbox 234 3286 266 3331; x_wconf 86' lang='lat' dir='ltr'><strong>et</strong></span> <span class='ocrx_word' id='word_1_169' title='bbox 289 3270 326 3332; x_wconf 81' lang='lat' dir='ltr'><strong>A.</strong></span> <span class='ocrx_word' id='word_1_170' title='bbox 346 3270 386 3333; x_wconf 90' lang='lat' dir='ltr'><strong>dc</strong></span> <span class='ocrx_word' id='word_1_171' title='bbox 406 3277 458 3348; x_wconf 82' lang='lat' dir='ltr'><strong>Sr.</strong></span> <span class='ocrx_word' id='word_1_172' title='bbox 477 3280 614 3341; x_wconf 77' lang='lat' dir='ltr'><strong>Hrntinu.</strong></span> <span class='ocrx_word' id='word_1_173' title='bbox 667 3279 759 3341; x_wconf 87' lang='lat' dir='ltr'><strong>Prior</strong></span> <span class='ocrx_word' id='word_1_174' title='bbox 786 3276 926 3340; x_wconf 79' lang='lat' dir='ltr'><strong>familiam</strong></span> <span class='ocrx_word' id='word_1_175' title='bbox 948 3278 980 3339; x_wconf 91' lang='lat' dir='ltr'><strong>in</strong></span> <span class='ocrx_word' id='word_1_176' title='bbox 1001 3276 1143 3340; x_wconf 80' lang='lat' dir='ltr'><strong>Prodro-</strong></span> 
     </span>
     <span class='ocr_line' id='line_1_27' title="bbox 149 3390 1142 3472; baseline 0.005 -28"><span class='ocrx_word' id='word_1_177' title='bbox 149 3405 235 3446; x_wconf 90' lang='lat' dir='ltr'><strong>mum</strong></span> <span class='ocrx_word' id='word_1_178' title='bbox 258 3406 348 3447; x_wconf 92' lang='lat' dir='ltr'><strong>suum</strong></span> <span class='ocrx_word' id='word_1_179' title='bbox 372 3390 508 3472; x_wconf 68' lang='lat' dir='ltr'><strong>recellit,</strong></span> <span class='ocrx_word' id='word_1_180' title='bbox 539 3391 594 3455; x_wconf 91' lang='lat' dir='ltr'><strong>ubi</strong></span> <span class='ocrx_word' id='word_1_181' title='bbox 619 3398 844 3456; x_wconf 81' lang='lat' dir='ltr'><strong>Balsamineas</strong></span> <span class='ocrx_word' id='word_1_182' title='bbox 866 3394 949 3454; x_wconf 86' lang='lat' dir='ltr'><strong>inter</strong></span> <span class='ocrx_word' id='word_1_183' title='bbox 978 3396 1142 3470; x_wconf 75' lang='lat' dir='ltr'><strong>Tropae0=</strong></span> 
     </span>
     <span class='ocr_line' id='line_1_28' title="bbox 149 3503 1141 3585; baseline 0.007 -26"><span class='ocrx_word' id='word_1_184' title='bbox 149 3503 257 3561; x_wconf 83' lang='lat' dir='ltr'><strong>laceas</strong></span> <span class='ocrx_word' id='word_1_185' title='bbox 269 3504 507 3581; x_wconf 77' lang='lat' dir='ltr'><strong>Oxalideasque</strong></span> <span class='ocrx_word' id='word_1_186' title='bbox 519 3504 793 3585; x_wconf 39' lang='lat' dir='ltr'><strong>collocaritLalter</strong></span> <span class='ocrx_word' id='word_1_187' title='bbox 810 3508 841 3567; x_wconf 87' lang='lat' dir='ltr'><strong>in</strong></span> <span class='ocrx_word' id='word_1_188' title='bbox 860 3511 963 3566; x_wconf 87' lang='lat' dir='ltr'><strong>Flora</strong></span> <span class='ocrx_word' id='word_1_189' title='bbox 979 3509 1141 3566; x_wconf 84' lang='lat' dir='ltr'><strong>Brasilr&#39;ae</strong></span> 
     </span>
     <span class='ocr_line' id='line_1_29' title="bbox 149 3613 1142 3713; baseline 0.006 -40"><span class='ocrx_word' id='word_1_190' title='bbox 149 3617 374 3678; x_wconf 80' lang='lat' dir='ltr'><strong>meridionalis</strong></span> <span class='ocrx_word' id='word_1_191' title='bbox 396 3613 463 3696; x_wconf 88' lang='grc' dir='ltr'><strong>(Τ.</strong></span> <span class='ocrx_word' id='word_1_192' title='bbox 486 3620 513 3679; x_wconf 87' lang='grc'><strong>1.</strong></span> <span class='ocrx_word' id='word_1_193' title='bbox 533 3640 564 3701; x_wconf 84' lang='lat' dir='ltr'><strong>p.</strong></span> <span class='ocrx_word' id='word_1_194' title='bbox 588 3620 663 3701; x_wconf 79' lang='lat'><strong>95.)</strong></span> <span class='ocrx_word' id='word_1_195' title='bbox 689 3622 888 3681; x_wconf 81' lang='lat' dir='ltr'><strong>Geraniaeea</strong></span> <span class='ocrx_word' id='word_1_196' title='bbox 906 3622 1036 3682; x_wconf 79' lang='lat' dir='ltr'><strong>Jnssnm</strong></span> <span class='ocrx_word' id='word_1_197' title='bbox 1071 3620 1142 3713; x_wconf 66' lang='lat' dir='ltr'><strong>qui-3</strong></span> 
     </span>
     <span class='ocr_line' id='line_1_30' title="bbox 150 3727 1141 3814; baseline 0.01 -26"><span class='ocrx_word' id='word_1_198' title='bbox 150 3727 222 3790; x_wconf 85' lang='lat' dir='ltr'><strong>dem</strong></span> <span class='ocrx_word' id='word_1_199' title='bbox 239 3731 385 3810; x_wconf 85' lang='lat' dir='ltr'><strong>restituit,</strong></span> <span class='ocrx_word' id='word_1_200' title='bbox 406 3747 532 3814; x_wconf 77' lang='lat' dir='ltr'><strong>excepta</strong></span> <span class='ocrx_word' id='word_1_201' title='bbox 551 3749 652 3794; x_wconf 88' lang='lat' dir='ltr'><strong>tamen</strong></span> <span class='ocrx_word' id='word_1_202' title='bbox 674 3737 875 3814; x_wconf 78' lang='lat' dir='ltr'><strong>Impatiente.</strong></span> <span class='ocrx_word' id='word_1_203' title='bbox 918 3735 1003 3814; x_wconf 85' lang='lat' dir='ltr'><strong>Quid</strong></span> <span class='ocrx_word' id='word_1_204' title='bbox 1022 3739 1141 3798; x_wconf 81' lang='lat' dir='ltr'><strong>Rosnu·</strong></span> 
     </span>
     <span class='ocr_line' id='line_1_31' title="bbox 151 3843 1140 3929; baseline 0.007 -26"><span class='ocrx_word' id='word_1_205' title='bbox 151 3843 387 3924; x_wconf 84' lang='lat' dir='ltr'><strong>ruanowruns,</strong></span> <span class='ocrx_word' id='word_1_206' title='bbox 409 3846 463 3929; x_wconf 90' lang='lat' dir='ltr'><strong>qui</strong></span> <span class='ocrx_word' id='word_1_207' title='bbox 482 3859 529 3906; x_wconf 89' lang='lat' dir='ltr'><strong>tot</strong></span> <span class='ocrx_word' id='word_1_208' title='bbox 549 3848 613 3928; x_wconf 85' lang='lat' dir='ltr'><strong>jam</strong></span> <span class='ocrx_word' id='word_1_209' title='bbox 634 3849 792 3910; x_wconf 86' lang='lat' dir='ltr'><strong>illustravit</strong></span> <span class='ocrx_word' id='word_1_210' title='bbox 814 3848 974 3909; x_wconf 83' lang='lat' dir='ltr'><strong>affinitates</strong></span> <span class='ocrx_word' id='word_1_211' title='bbox 996 3847 1140 3910; x_wconf 85' lang='lat' dir='ltr'><strong>obscuras</strong></span> 
     </span>
     <span class='ocr_line' id='line_1_32' title="bbox 151 3955 1141 4048; baseline 0.009 -33"><span class='ocrx_word' id='word_1_212' title='bbox 151 3955 339 4041; x_wconf 84' lang='lat' dir='ltr'><strong>dubiasque,</strong></span> <span class='ocrx_word' id='word_1_213' title='bbox 367 3959 406 4022; x_wconf 87' lang='lat' dir='ltr'><strong>de</strong></span> <span class='ocrx_word' id='word_1_214' title='bbox 430 3963 646 4026; x_wconf 80' lang='lat' dir='ltr'><strong>Balsamineis</strong></span> <span class='ocrx_word' id='word_1_215' title='bbox 666 3963 1046 4048; x_wconf 83' lang='lat' dir='ltr'><strong>earumqueaflinitatlbus</strong></span> <span class='ocrx_word' id='word_1_216' title='bbox 1068 3985 1141 4024; x_wconf 85' lang='lat' dir='ltr'><strong>cen-</strong></span> 
     </span>
    </p>
   </div>
   <div class='ocr_carea' id='block_1_3' title="bbox 0 0 1306 4688">
    <p class='ocr_par' dir='ltr' id='par_1_5' title="bbox 0 0 1306 4688">
     <span class='ocr_line' id='line_1_33' title="bbox 0 0 1306 4688; baseline 0 0"><span class='ocrx_word' id='word_1_217' title='bbox 0 0 1306 4688; x_wconf 95' lang='lat' dir='ltr'><strong> </strong></span> 
     </span>
    </p>
   </div>
  </div>
 </body>
</html>
