2604 4688
550 406 840 486 ·-.2⁶·-

245 564 486 630 accuratissimus
505 565 544 629 A.
560 584 599 628 ns
615 563 667 626 Sr.
677 567 804 630 Hrnsrns
822 567 967 646 restituit,
982 568 1085 650 potius
1103 569 1234 644 olass'em

244 678 380 746 dicerem
397 677 566 742 naturalem
587 699 680 761 quam
699 677 849 742 familiam.
891 680 980 743 Tales
1006 681 1115 746 classes
1138 699 1237 757 natn÷

243 794 322 878 rales
346 798 527 873 Rosocece,
559 796 750 856 Maluaceae
785 812 878 854 sensu
908 792 1034 874 latiore,
1069 800 1236 862 Rutaceac

245 910 416 989 amicissimi
425 910 555 972 annau
568 929 608 971 nn
622 910 759 987 Jussrnu,
780 910 1024 988 Leguminosaa,
1046 913 1237 992 Campanu—

172 1055 174 1063 s
243 1024 351 1086 taceae
371 1020 519 1104 (inclusis
538 1023 732 1085 Lobeliaceis
749 1014 829 1104 ceti)
854 1023 1054 1087 constituunt.
1082 1029 1238 1106 Papauer·

243 1158 375 1213 rucene,
395 1139 646 1214 Fumariaceae,
666 1140 851 1216 Cruciferac
866 1151 898 1198 et
914 1140 1138 1219 Cupparideoe
1155 1138 1238 1201 clas-

243 1270 310 1319 sem
328 1250 461 1315 formant
479 1250 660 1329 naturalem,
683 1256 895 1333 Drupaccae,
915 1256 1146 1330 Potentillcac,
1168 1258 1239 1316 Po.

243 1387 371 1433 maneae
388 1380 461 1428 sunt
479 1364 606 1427 familiae
622 1367 785 1430 naturales.
826 1368 886 1429 Eas
903 1380 1022 1429 tantum
1034 1367 1162 1429 familiae
1178 1389 1238 1436 naa,

242 1480 335 1543 turali
351 1478 547 1551 adscivendas
564 1500 630 1542 esse
649 1480 765 1561 plantas
784 1500 913 1559 censeo,
934 1502 1013 1565 quae
1033 1480 1140 1543 habitu
1158 1504 1239 1547 cons

242 1594 390 1673 veniunt3
411 1593 443 1654 in
464 1593 557 1654 classe
575 1593 705 1655 affinitas
723 1595 872 1656 occultior
888 1610 935 1658 est
956 1594 1140 1680 habitusque
1166 1618 1240 1661 sae-

242 1707 312 1790 pius
331 1705 561 1775 diversissimus.
604 1708 682 1788 Quis
702 1708 812 1790 plantis
835 1708 935 1771 obiter
956 1723 1076 1772 tantum
1094 1725 1241 1775 contem-

242 1821 332 1904 platis
348 1823 502 1883 Acacium
522 1825 750 1884 oerucitlatam
771 1825 848 1883 Piso
864 1826 988 1899 sativo,
1007 1826 1241 1893 Alclremillam

244 1939 375 2014 Pruno,
399 1938 635 2018 Zygoplsyllum
654 1938 794 2000 correae
810 1937 979 2019 jungeret?
1021 1940 1099 2019 Quis
1115 1943 1240 2005 Linum

244 2029 420 2115 Balliolam
436 2051 626 2129 Tropacolo,
650 2052 923 2130 Tropaeolumque
938 2053 1074 2113 oxalidi
1090 2056 1239 2134 approxi-

243 2163 366 2225 maret?
405 2163 522 2225 Emea
544 2163 638 2241 igitur
660 2165 810 2223 sententia
832 2163 997 2226 servandae
1018 2183 1122 2230 essent
1146 2168 1237 2231 lami-

244 2279 301 2344 liae
322 2283 520 2354 Linearum,
542 2279 737 2354 analidum,
757 2280 991 2340 Geroniearum
1000 2324 1013 2358 ,
1036 2285 1238 2363 Tropaeota-

245 2416 451 2472 uarumque,
481 2392 570 2453 simul
598 2407 700 2485 autem
724 2393 765 2452 ita
789 2393 963 2463 charactere
984 2394 1085 2465 classis
1104 2400 1235 2481 conjun-

246 2508 386 2592 gendae,
407 2520 443 2567 ut
465 2505 600 2586 singulae
623 2527 640 2565 a
661 2526 694 2566 se
718 2491 818 2569 (livalli
841 2525 1006 2590 nequeant.
1046 2513 1113 2572 Hoc
1133 2514 1235 2596 magni

245 2638 294 2689 est
311 2622 480 2700 momenti,
509 2641 573 2704 quo
595 2634 699 2682 autem
714 2621 840 2682 nomine
863 2623 1015 2685 salutetur
1045 2625 1164 2705 classis,
1196 2649 1237 2690 an

240 2737 369 2803 ,omnino
396 2736 496 2803 classis
518 2735 667 2797 salutetur
690 2750 744 2798 aut
765 2735 891 2816 familia,
913 2737 1010 2803 futile.

306 2851 436 2929 Classis,
457 2863 511 2910 aut
521 2848 631 2928 tribus,
648 2863 701 2910 aut
711 2847 800 2928 ordo,
824 2865 876 2911 aut
896 2850 1006 2912 familia
1020 2854 1236 2915 Geraniaceaa

245 2985 319 3029 rum
331 2962 423 3025 hodie
438 2962 619 3031 formatura
633 2964 797 3045 generibus
811 2969 895 3028 Lino
917 2963 1050 3046 (inclusa
1061 2966 1237 3048 Rodiola),

249 3084 423 3158 Caesarea,
445 3083 703 3161 Rluynelrotlcecn,
725 3083 914 3159 Monsonia,
935 3086 1088 3160 Gerania,
1117 3084 1237 3144 Pelor-

244 3201 340 3276 gonio
351 3239 364 3273 ,
392 3198 536 3271 Euodio,
561 3197 760 3274 Tropaeolo,
790 3199 1013 3274 Magallum,
1042 3200 1237 3274 Averrlsoa,

246 3313 386 3377 osane
410 3308 556 3391 (incluso.
574 3311 762 3394 Biephyto)
785 3323 817 3371 ct
841 3312 1039 3389 Lcdocarpo,
1096 3314 1238 3372 Fructus

244 3427 278 3491 ἰ
295 3423 459 3509 ‘generibus
473 3445 583 3491 uorem
596 3440 815 3509 pentamerus,
843 3424 875 3486 in
898 3424 997 3488 tribus
1016 3424 1174 3490 trimerus.
1199 3423 1238 3506 ¹)

282 3610 329 3666 ¹l)
352 3613 383 3659 In
397 3611 452 3659 nin·
465 3616 547 3673 trigyno
569 3612 661 3658 fructus
683 3610 797 3659 trimerus
813 3618 850 3656 est
871 3619 896 3657 ct
918 3612 999 3656 Linum
1019 3611 1114 3658 Radioia
1128 3609 1239 3657 fructum

245 3682 345 3743 exultet
358 3706 371 3740 c
384 3692 499 3751 carpellis
512 3701 617 3750 quatuor
630 3689 793 3738 efformatum.
811 3687 880 3735 Prior
893 3697 974 3734 aurem
984 3689 1138 3734 solummodo
1151 3686 1239 3742 planta

245 3771 370 3821 abnormis
383 3781 436 3829 est,
461 3784 536 3831 quum
550 3780 666 3816 numerus
681 3766 845 3824 carpellorurn
860 3781 909 3814 uon
923 3766 988 3814 idem
1004 3768 1037 3816 sit
1051 3780 1079 3814 so
1093 3765 1239 3822 sepalonun

243 3861 289 3902 aut
305 3852 457 3911 reliquorum
478 3849 658 3898 versiculorum
678 3845 757 3895 floris.
784 3848 866 3894 Lim
880 3845 972 3894 renota
992 3846 1161 3904 exceptionem
1185 3858 1238 3892 non

246 3931 314 3981 sistit
322 3943 337 3989 ,·
355 3944 431 3991 quum
445 3928 532 3988 quinta
550 3938 609 3984 pars
628 3926 655 3971 in
677 3925 792 3974 omnibus
811 3925 938 3976 coancillis
953 3925 1022 3974 floris
1040 3926 1240 3975 testaturam

248 4012 340 4072 specics
354 4005 538 4060 evidentissime
552 4003 634 4054 fructu
649 4004 749 4054 trimrrs
764 4007 876 4066 pudent.
