2604 4688
213 1465 285 1525 dam
312 1457 449 1519 absoluta
471 1461 724 1522 commentatione
746 1482 837 1541 mea,
875 1483 967 1545 quam
996 1461 1045 1522 die
1079 1466 1145 1522 lma

157 1573 345 1658 Septembris
361 1572 390 1632 h.
412 1593 438 1631 a.
458 1568 723 1636 coram'societate
748 1576 872 1658 physica
894 1575 1047 1636 Basiliensi
1065 1576 1145 1635 reci-

131 1689 223 1771 tavi,
247 1688 350 1769 accepi
373 1679 526 1748 ab'amico
541 1692 721 1752 suavissimo
739 1679 897 1755 Anruouso
918 1695 1145 1770 Dncauoonmo,

133 1803 353 1864 clarissimum
369 1804 528 1864 Kourmuu
544 1823 639 1883 genus
653 1808 877 1864 Balsaminam
891 1807 1015 1887 propria
1033 1805 1147 1866 disser-

148 1917 268 1978 tatione
295 1916 468 1977 illustrasse.
518 1917 632 1976 Fateor
651 1937 700 1976 me
726 1917 783 1976 hoc
810 1918 998 1996 evangelium
1022 1918 1145 1978 minime

147 2028 234 2090 laeto
252 2030 350 2106 animo
370 2031 540 2111 accepisse;
554 2050 624 2090 nam
639 2031 663 2090 si
680 2031 814 2093 laetabar
823 2036 1047 2093 Balscminam
1056 2013 1147 2095 talem

148 2156 273 2206 nactam
296 2163 361 2204 esse
389 2144 618 2222 illustratorem,
641 2159 747 2206 contra
779 2144 922 2206 dolebam
949 2167 998 2207 me
1022 2167 1148 2228 operam

148 2278 253 2320 meam
281 2272 313 2318 et
343 2258 446 2318 oleum
469 2257 650 2339 perdidisse.
699 2258 825 2319 Amicus
853 2258 967 2319 oblitus
989 2274 1056 2320 erat
1084 2280 1147 2341 quo

149 2373 221 2433 loco
253 2373 467 2433 commentatio
494 2375 671 2433 Kusrmaua
697 2371 868 2453 prodierit,
899 2393 991 2453 quam
1018 2371 1149 2433 obrem

151 2484 208 2548 diu
231 2487 364 2568 quaesivi
389 2506 487 2569 usque
520 2486 595 2546 dum
622 2485 701 2545 illam
723 2485 891 2546 invenirem
916 2486 947 2546 in
970 2500 1054 2546 tomo
1083 2499 1149 2548 ter·-

149 2602 197 2663 tio
210 2598 380 2662 'Actorum
412 2605 574 2660 societatis
608 2603 767 2680 physicae
798 2603 997 2660 Parisicnsis
1006 2644 1019 2676 ,
1044 2588 1149 2682 ¹quod

151 2735 251 2797 opus,
273 2715 345 2796 quia
367 2714 453 2773 amici
474 2712 678 2790 Parisieuses,
698 2731 757 2792 pro
779 2711 866 2771 solita
888 2733 960 2792 erga
981 2733 1030 2772 me
1050 2712 1149 2773 bene-

151 2827 297 2905 volentia,
320 2826 547 2888 dissertationes
560 2825 727 2905 botanicas,
748 2846 880 2907 quarum
899 2841 1040 2887 auctores
1063 2841 1147 2907 suut,

157 2944 282 3002 seorsim
318 2943 439 3003 mittere
461 2956 702 3003 consueverunt
713 2985 722 3020 ,
766 2914 924 3002 evolvere*
943 2942 1146 3021 neglexeram.

154 3051 323 3138 Palpitante
344 3050 440 3116 corde
458 3069 621 3115 tractatum
638 3057 838 3117 Kournrtunu
857 3054 1012 3135 persolvi,
1035 3053 1149 3135 duplici

150 3147 238 3232 metu
263 3168 407 3232 divulsus.
463 3167 623 3229 Timebam
645 3187 683 3228 ne
706 3171 878 3245 Knurnrus,
900 3168 987 3248 cujus
1014 3167 1148 3229 auctori-

151 3298 198 3345 tas
221 3283 305 3366 apud
329 3303 378 3343 me
396 3303 514 3343 summa
534 3279 609 3362 est,
627 3279 682 3341 alia
704 3281 830 3343 vidisset
851 3302 884 3341 ac
903 3301 978 3362 ego,
1002 3279 1149 3341 timebam

131 3399 265 3460 iterum
273 3394 342 3476 ,ut
367 3393 461 3458 modo
490 3398 562 3476 dixi,
587 3418 626 3458 ne
648 3394 755 3457 cadem
781 3394 926 3475 vidisset,
961 3410 992 3456 et
1015 3416 1053 3455 ne
1083 3396 1169 3474 ipse,

152 3513 278 3573 omuino
301 3527 373 3594 post
400 3510 515 3572 festum
541 3513 685 3574 venirem.
750 3513 819 3572 Jam
848 3530 896 3569 mc
923 3507 1022 3588 pudet
1047 3521 1147 3568 metus

151 3628 229 3707 mei,
264 3641 296 3687 et
323 3628 418 3708 magis
452 3625 552 3692 adhuc
578 3625 729 3708 puderet,
765 3624 825 3684 nisi
854 3623 917 3703 ipse
949 3634 1011 3681 tam
1038 3642 1146 3703 pauca,

152 3744 246 3807 immo
270 3740 362 3818 nulla,
384 3739 485 3801 adhuc
507 3741 703 3802 contulissem
722 3737 761 3798 ad
787 3735 957 3819 augendam
980 3735 1145 3813 scientiam,

153 3857 194 3919 dc
213 3877 276 3940 qua
300 3858 453 3920 lluurums
475 3868 580 3915 noster
607 3870 668 3916 tam
686 3853 765 3914 bene
793 3851 925 3930 meruit,
950 3863 985 3910 ut
1012 3847 1147 3914 frontem

151 3972 216 4054 jam
231 3969 283 4033 diu
302 3970 478 4034 immortalis
495 3970 594 4051 cingat
613 3973 741 4034 Laurus.
