2604 4688
550 363 823 459 s-er-v

149 517 279 588 tranium
310 545 372 586 non
403 519 501 586 solnm
530 525 562 587 iu
589 524 717 587 floribus
744 529 953 589 Baisamin'ee
982 527 1147 591 hor-tensis

149 642 328 722 observavi,
346 639 426 722 (ubi
441 655 544 701 tamen
566 638 754 724 quandoque
770 656 938 725 utrumque
957 641 1039 704 latus
1057 659 1147 726 petae

147 757 251 821 lorum
269 770 472 818 connatorum
486 753 671 837 subaequaie
693 756 740 834 fit,
754 757 862 817 lamina
878 758 1034 820 minorum
1047 773 1148 839 aneto,

147 872 331 955 praesertim
353 868 478 955 quando
500 870 550 931 vix
573 869 689 931 conlita.
704 869 806 951 sunt)
830 870 887 935 sed
907 874 999 933 etiem
1024 874 1150 936 in'Im·

145 994 292 1068 patiente
305 991 375 1048 noli
395 999 529 1064 tangere
545 1006 668 1068 semper
687 985 807 1045 lacinias
824 987 927 1067 petalo
943 989 1054 1072 quinto
1068 988 1150 1049 libe-

148 1123 205 1181 ro,
241 1100 437 1178 symmetrieo
457 1101 629 1182 proximas,
651 1100 778 1182 reliquis
800 1101 898 1162 multo
913 1101 1049 1162 minores
1073 1102 1148 1164 vidi.

208 1217 334 1287 Partem
350 1235 444 1298 quam
462 1235 519 1295 ego
531 1207 624 1296 petali
639 1212 752 1292 extimi,
771 1212 872 1293 liberi,
893 1198 1082 1292 symmetrioi
1092 1238 1150 1278 no-

143 1330 231 1392 mine
252 1327 399 1408 seiutevi‚
421 1330 459 1390 oi.
481 1331 638 1392 Kouretes
663 1330 800 1412 sepulum
825 1344 1004 1412 nuncupet,
1026 1345 1060 1393 et
1078 1332 1152 1414 qui-

149 1441 222 1507 dem
232 1445 414 1527 proclamat,
427 1452 451 1506 ‘e
473 1447 582 1528 sepelis
606 1440 730 1506 duobus
751 1445 856 1515 intime
873 1445 1011 1505 eonnetis
1033 1445 1153 1507 forme·

148 1574 218 1622 tum
237 1580 313 1621 esse.
331 1587 378 1618 ,ε-
423 1559 507 1618 Haeo
535 1573 638 1619 autem
661 1580 726 1620 non
750 1559 792 1621 ita
816 1579 882 1620 sese
903 1558 1037 1639 babere,
1072 1579 1153 1644 pro-

147 1673 225 1736 bant
254 1673 356 1754 sepeln
381 1669 464 1749 duo,
494 1670 534 1731 ed
561 1671 648 1733 haein
676 1673 766 1756 huj'us
793 1672 856 1734 folii
881 1674 914 1734 in
937 1676 1150 1738 Balsamenae

148 1786 277 1849 floribus
305 1785 479 1868 semiplenis
505 1785 589 1848 haud
609 1783 651 1849 ita
671 1809 743 1850 raro
772 1786 979 1868 advenientia,
1013 1766 1152 1870 probant

149 1902 250 1984 sepale
279 1899 570 1983 squamuleeiormia
593 1904 726 1964 minima
749 1906 955 1983 Impatientis
983 1909 1153 1984 nostratis,

148 2016 263 2100 probat
277 2014 410 2098 denique
425 2013 543 2076 indoles
560 2017 626 2098 ipsa
642 2017 707 2079 folii
723 2017 763 2078 de
778 2038 841 2100 quo
859 2016 1046 2099 disputatur.
1088 2023 1156 2082 Fo-

147 2117 225 2193 lium
249 2130 346 2191 hoeoe
376 2130 521 2191 nimirum
541 2132 572 2191 in
597 2133 698 2193 media
721 2133 829 2194 lamina
850 2153 949 2193 nervo
974 2131 1096 2214 valido,
1119 2137 1152 2196 in

149 2263 334 2310 mueronem
353 2245 543 2307 herbaceum
565 2263 770 2325 excurrente,
791 2248 977 2308 instruetum
1000 2261 1070 2326 est,
1096 2268 1155 2309 ne-

150 2383 211 2443 que
231 2370 398 2422 nervorum
413 2368 578 2423 numerum
597 2361 722 2424 exhibet
743 2381 858 2444 parem.
894 2362 1077 2423 'Nervorum
1090 2381 1152 2420 nu-

149 2493 254 2539 merus
273 2488 378 2535 eutem
399 2473 620 2559 dispositioque
640 2477 705 2536 sole
728 2496 792 2537 non
815 2474 996 2545 sufficerent
1014 2460 1150 2558 preben-

153 2586 210 2648 dae
240 2585 337 2648 indoli
367 2590 475 2670 organi
491 2588 678 2671 eujusdam,
704 2611 803 2673 quum
825 2588 953 2650 familiae
975 2584 1068 2649 uobis
1090 2587 1157 2650 sint

151 2722 348 2786 genereque,
381 2704 415 2763 in
444 2704 556 2786 quibus
577 2705 664 2767 nervi
691 2703 732 2766 ad
752 2701 962 2764 definiendum
986 2722 1158 2764 numerum

149 2819 399 2900 positionemque
420 2839 608 2899 organorum
628 2820 670 2880 nil
689 2821 809 2895 valent3
829 2817 880 2878 hie
900 2833 1006 2879 autent
1022 2817 1156 2878 omnine

151 2933 318 2994 sufficiunt.
358 2934 464 2995 Petale
485 2934 567 2995 enim
583 2933 646 2995 duo
665 2935 757 2994 unius
780 2934 931 3015 cujusque
953 2932 1056 2993 lateris
1076 2950 1159 2993 oon-

150 3062 222 3110 nata
245 3026 492 3131 nervie'semper
514 3049 663 3110 instructu
688 3063 762 3110 eunt
779 3048 930 3130 primariis
955 3047 1101 3123 duobus,
1118 3049 1159 3110 =in

150 3165 354 3226 mueronulos.
367 3165 519 3243 minimos,
541 3166 682 3245 reflexos,
706 3165 858 3226 eoioratos
876 3174 1089 3224 excurrentes.
1119 3153 1159 3244 ¹)

152 3281 297 3361 Sepalum
318 3280 501 3341 calcaratum
524 3300 673 3340 mucrone
696 3278 925 3340 distinctissime
946 3277 1158 3357 instructum,

152 3410 190 3459 et·
212 3397 244 3456 in
276 3399 471 3476 Impatiente
501 3395 603 3476 sepaia
630 3396 741 3456 extima
772 3412 895 3476 semper
927 3393 1157 3455 mueronulete.

51 3551 54 3557 ·
150 3510 238 3571 Folio
264 3509 376 3573 haeeoe
407 3512 517 3572 eutem.
542 3512 643 3572 omnia
672 3510 819 3592 simplieie
851 3521 946 3582 sunt,
988 3507 1158 3592 omniaque

193 3763 442 3816 irritamentorum
455 3765 562 3812 istorum
575 3767 613 3813 111.
628 3764 796 3815 KUNTHIUS
812 3763 839 3810 in
852 3760 1021 3820 descriptione
1030 3756 1092 3818 ine.
1103 3774 1160 3809 ote·

151 3843 266 3903 teronuin
279 3845 351 3893 valde
365 3854 488 3910 accurate.
503 3847 598 3893 nouam
613 3845 849 3900 fecittrnentiouem
860 3841 1042 3903 neque-iones
1057 3854 1162 3902 anper

151 3924 257 3980 adsunt,
287 3925 332 3970 etsi
350 3923 404 3982 ipse
425 3936 467 3970 eos
489 3937 585 3983 semper
606 3920 708 3973 offendi.
737 3925 826 3982 Sepeia
848 3922 1001 3980 admiscui
1024 3919 1080 3971 iere
1105 3935 1166 3971 oon·

152 4013 212 4053 nan
226 4013 252 4052 et
266 4000 474 4054 omnino'toelite
488 4005 599 4054 videntis
614 4005 641 4052 in
660 4006 800 4067 cypripedio,
813 3993 929 4061 rosan
942 4001 1157 4060 quibusdum.
