2604 4688
549 435 737 498 ..9.-

149 616 239 658 ceum
257 609 433 678 pentamera
455 596 628 680 postulant,
656 589 838 656 assumendo
855 591 956 675 petalo
975 592 1138 672 exteriori,

149 711 354 787 symmetrico,
371 710 548 789 eoaloarato,
566 704 663 790 quod,
680 706 782 788 aepalo
800 704 947 767 calcarato
959 717 997 765 e'x
1012 705 1141 767 adverso

149 823 295 903 positum,
309 842 380 883 cum
393 822 494 884 hocin
511 844 548 885 eo
560 820 711 899 convenit,
726 817 810 900 quod
820 819 849 879 in
863 818 946 899 apice
957 819 1140 880 mucronulo

149 932 301 994 herbaceo
321 935 504 997 instructum
515 949 579 1011 est,
599 951 784 1013 magnopere
808 945 911 992 antem
933 931 1051 993 recedit
1073 946 1138 993 tam

152 1044 271 1124 forma,
300 1067 391 1127 quam
420 1046 637 1128 dispositione,
670 1059 812 1125 respectu
837 1043 941 1106 habito
966 1047 1139 1108 staminum.

153 1159 298 1240 Sepalum
316 1159 497 1222 calcaratnm
512 1159 632 1220 stamini
651 1158 758 1238 impari
775 1161 978 1240 antepositum
993 1170 1064 1219 'esse
1077 1158 1142 1239 jam

150 1275 310 1353 annotavi,
338 1273 544 1357 repetendum
564 1285 666 1332 autem
690 1271 828 1332 existimo
853 1271 988 1353 petalum
1009 1291 1143 1349 symme-

150 1388 263 1448 trioum
280 1408 352 1448 cum
370 1387 548 1449 staminibus
569 1385 691 1447 duobus
710 1386 859 1447 alternare
876 1400 908 1446 et
927 1384 1004 1446 hano
1020 1384 1142 1445 obrem

152 1501 284 1581 carpello
306 1502 414 1581 impari
434 1501 587 1584 anteponi.

210 1612 388 1691 Absolutis,
421 1629 452 1674 et
477 1612 603 1696 quidem
625 1629 662 1677 nt
685 1634 776 1696 spero
802 1632 866 1674 non
893 1600 985 1675 invita
1006 1612 1142 1691 Natura,

149 1723 303 1787 verticillis
324 1727 479 1788 floralibus
503 1727 601 1789 tribus
618 1727 833 1805 interioribus,
854 1727 996 1787 nimirum
1019 1725 1142 1803 fructu,

152 1838 332 1898 staminibus
351 1855 383 1901 ct
401 1841 524 1918 corolla,
544 1840 633 1902 nobis
653 1840 786 1922 denique
803 1853 900 1901 restat
916 1838 1144 1919 investigandus

154 1951 249 2028 calyx.
281 1954 364 2022 Huic
380 1955 466 2015 initio
484 1953 600 2015 credidi
625 1955 711 2015 aliter
733 1952 886 2015 subveniri
906 1953 955 2014 vix
978 1973 1084 2034 posse,
1108 1971 1144 2012 ao

153 2064 353 2127 concedendo
375 2088 392 2127 e
410 2068 518 2151 sepelis
539 2069 676 2150 quinque
698 2088 776 2148 quae
793 2067 967 2144 symmetria
989 2065 1143 2149 postulat,

153 2179 276 2242 duoant
286 2182 409 2242 omnino
425 2203 491 2243 esse
506 2182 692 2260 oblitterata,
710 2194 762 2243 aut
777 2201 847 2240 cum
860 2180 986 2261 reliquis
1003 2194 1143 2258 connata,

153 2309 206 2355 aut
219 2316 344 2378 qnoque
355 2315 513 2377 nunqnam
522 2295 616 2355 fnisse
627 2294 765 2354 formata.
795 2293 900 2371 Quum
911 2307 1014 2353 autem
1025 2297 1145 2354 Balsa·

153 2414 260 2468 minae
274 2414 389 2470 herten
425 2413 554 2484 ‘flores
568 2405 750 2488 semiplenos
771 2404 878 2467 sedulo
897 2407 1087 2485 examinans,
1113 2407 1145 2468 in

151 2517 354 2599 quibusdam,
371 2541 450 2602 quos
466 2521 605 2601 religiose
616 2540 716 2597 servo,
731 2518 771 2579 ad
783 2519 872 2580 unius
889 2519 1039 2602 cujusque
1051 2518 1145 2602 sepall

153 2630 286 2692 lateralis
296 2632 374 2693 latus
388 2632 520 2716 asepalo
542 2633 689 2695 calcarato
710 2653 849 2694 aversum
868 2633 1005 2695 foliolum
1018 2655 1147 2716 parvum

153 2744 441 2825 animadvertissem,
452 2747 609 2810 aliternon
617 2745 715 2828 potui,
725 2747 799 2828 quin
808 2746 884 2807 haec
892 2747 992 2808 foliola
1000 2746 1147 2808 haberem

152 2879 211 2941 pro
230 2859 338 2940 sepalis
361 2858 501 2936 dnobus,
530 2880 607 2941 quae
630 2864 662 2920 in
685 2862 760 2922 llore
780 2862 957 2923 normaliter
978 2863 1146 2924 constituto

155 2969 379 3031 desiderantur.
401 2974 509 3052 Sepala
522 2972 608 3050 haec,
628 2975 676 3034 vix
694 2974 787 3035 lineas
806 2974 881 3036 duas
900 2975 1001 3055 longa,
1021 2975 1147 3036 orbicu-

154 3082 228 3143 laria
247 3096 352 3160 erant,
373 3081 438 3142 basi
460 3083 577 3162 libera,
599 3106 749 3164 concava,
771 3086 904 3148 colorata
924 3087 1052 3169 pilisque
1073 3087 1148 3146 bre-

154 3195 244 3257 vibus
265 3193 388 3274 rubris,
409 3197 513 3278 quales
532 3199 563 3259 in
586 3198 688 3280 sepalo
711 3197 858 3259 calcarato
881 3198 1039 3279 videmus,
1071 3221 1147 3262 con-

156 3330 269 3391 spersa.
310 3312 430 3373 Locum
447 3310 592 3373 tenebant
614 3311 672 3373 snb
691 3311 793 3394 petalo
812 3315 1006 3390 symmetrian
1028 3314 1148 3395 libero,

158 3436 190 3482 et
209 3423 289 3483 inter
312 3422 414 3504 sepala
432 3420 494 3483 duo
516 3423 658 3503 lateralia.
714 3425 763 3486 Ab
787 3425 869 3487 hisce
886 3429 998 3509 partim
1019 3429 1148 3509 obtege-

156 3535 280 3615 bantur,
302 3535 388 3620 qnod
402 3535 553 3619 probabat
568 3559 605 3598 ea
620 3551 727 3598 centro
736 3539 819 3598 lloria
835 3541 1055 3622 propinquiora
1069 3562 1145 3604 esse.

157 3652 303 3731 Suspicor
325 3651 359 3710 iis
377 3649 544 3731 analogiam
564 3649 718 3734 quandam
739 3650 931 3713 intercedere
949 3674 1019 3713 cum
1038 3656 1147 3737 sepelis

158 3761 280 3823 duobus
297 3762 516 3839 inferioribus,
536 3765 566 3824 in
585 3764 779 3825 aestivatione
798 3766 1000 3849 quincunciali
1013 3768 1150 3829 alatera-

157 3879 237 3940 libus
260 3878 382 3942 duobus
405 3902 422 3943 e
444 3893 531 3964 parte
553 3877 694 3959 obtectis,
717 3899 796 3964 quac
822 3883 1038 3944 Gerarra'orum
1061 3883 1146 3964 calyx
