2604 4688
554 418 756 482 ...36-

161 585 218 647 vix
244 581 335 667 hujus
358 583 539 644 characteris
558 580 745 643 mentionem
766 576 924 657 fecissem,
945 579 1002 639 nisi
1022 580 1059 640 'iu
1072 582 1155 642 nu-

163 701 262 759 tacels
280 672 452 778 saepissime
476 706 676 757 occurrerent
691 696 760 756 lolia
773 678 1088 777 pellucido-punillam
1105 693 1155 756 vel

154 810 518 892 ‚glanduloso-punctata,
559 826 590 873 et
627 811 684 871 nisi
724 810 936 887 Oxalididus,
971 808 1155 889 praesertim

152 938 264 1011 ,autem
287 927 492 1000 Averrlaooe,
524 922 623 1004 aliqua
656 921 762 983 saltem
797 936 877 983 esset
904 920 1050 1000 affinitas,
1080 921 1156 981 licet

152 1038 329 1115 remotior,
360 1058 430 1097 cum
447 1038 686 1105 'Aurantiaceia
735 1033 915 1097 Attentione
944 1026 1047 1097 forsan
1070 1053 1159 1114 quo·-

160 1170 222 1231 que
250 1145 399 1229 dignum,
432 1149 567 1209 colorem
593 1149 800 1209 aurantiacum
833 1147 881 1209 vel
909 1167 949 1208 ex
977 1145 1155 1208 aurantiaco

162 1261 282 1355 luscum
314 1262 521 1339 macularum,
548 1283 732 1344 magnopere
758 1262 919 1324 convenire
943 1272 1016 1326 'curn
1032 1259 1155 1320 ‘colore

154 1392 256 1480 Ιῑεεξῇθ
276 1378 435 1437 seminum.

114 1476 116 1482 ¹
151 1566 154 1572 Ι
179 1481 375 1569 Mittamus
402 1505 504 1551 autem
519 1491 582 1570 jam
606 1486 762 1569 glandulas
781 1488 871 1550 hasce
890 1503 923 1551 et
943 1487 984 1551 ad
1005 1488 1075 1550 alias
1102 1509 1157 1550 re-

161 1570 298 1692 deamus,
323 1623 399 1684 quas
419 1616 560 1664 auctores
577 1601 735 1663 nonnulli
728 1624 760 1664 m
777 1605 875 1664 flore
867 1624 953 1686 ipsc,
974 1624 991 1662 e
1010 1616 1157 1684 recepta-

160 1719 229 1778 culo
255 1716 462 1801 prodeuntes,
492 1692 1156 1783 indicaverunt.lll.A.nnSr.H1uA1nn

159 1830 235 1894 vidit
258 1833 289 1893 in
315 1833 455 1893 oxalide
478 1831 716 1908 confertissimo
736 1830 893 1910 glandulas
909 1831 1046 1914 quinque
1066 1844 1163 1892 terffi

158 1958 226 2023 tes,
265 1943 305 2004 ad
331 1945 418 2004 basin
449 1945 633 2022 staminum,
664 1942 864 2026 (longiorum
887 1943 1156 2006 anbreviorum'l

155 2057 189 2145 in
209 2058 296 2117 icone
320 2056 360 2117 ad
379 2056 466 2117 basin
488 2058 650 2117 staminum
666 2056 1028 2138 breviorumpositae3)
1055 2059 1098 2118 in'
1112 2063 1150 2120 0.

156 2174 301 2231 roselata
322 2169 450 2230 stamina
476 2168 617 2231 breviora
637 2169 702 2229 basi
728 2151 924 2250 glandulosa,
953 2173 1037 2233 etin
1059 2175 1153 2234 Occa-

61 2364 63 2367 .
154 2255 221 2351 lide
239 2284 340 2362 fulva
368 2282 524 2364 glandulas
551 2280 675 2361 decem,
704 2282 872 2344 biseriatim
893 2284 958 2346 basi
979 2285 1152 2367 gynephori

155 2397 293 2458 insertas.
343 2397 452 2479 Neque
476 2419 514 2458 ex
536 2398 641 2474 icone,
670 2391 689 2473 (
700 2400 835 2458 Plantas
851 2420 897 2466 us,
922 2400 979 2459 des
1004 2403 1102 2461 Bras.
1119 2414 1146 2462 t.

155 2511 231 2592 ll.)
256 2533 357 2601 noque
373 2533 412 2573 ex
431 2511 634 2594 descriptione
653 2511 799 2591 intelligo,
818 2510 970 2594 quidsint
989 2513 1148 2593 glandulae

154 2625 272 2704 haece,
311 2646 495 2708 magnopere
527 2640 631 2686 autem
658 2626 797 2706 suspicor
824 2641 926 2707 partes
957 2624 995 2687 ab
1023 2630 1150 2709 egregio

154 2755 280 2801 auctore
302 2741 333 2800 in
358 2741 550 2803 Oxalidlbus
568 2739 806 2816 confertissima
827 2754 859 2798 et
879 2743 1023 2802 roselalo
1043 2739 1147 2820 d'c'sigss

153 2868 260 2931 natas,
292 2855 333 2913 uil
355 2852 438 2914 aliud
459 2873 544 2928 esse,
566 2873 600 2910 ac
621 2847 708 2911 basin
727 2853 1144 2936 petalcrumpersisteutom

153 2968 187 3029 si
210 2966 375 3042 corollam,
402 2967 466 3047 jam
487 2987 544 3047 per
565 2965 680 3046 aliquot
704 2963 793 3025 horas
815 2956 995 3048 expansam‘,
1027 2969 1147 3033 e'ilore

152 3064 326 3158 evellimus,
348 3093 465 3140 restant
479 3077 568 3139 bases
587 3078 792 3161 ungulorum,
814 3081 976 3161 glandulas
985 3097 1038 3143 aut
1054 3094 1149 3167 squass

152 3196 248 3256 mulas
274 3195 474 3277 simulantes,
490 3195 516 3255 si
533 3195 624 3255 liores
639 3194 780 3257 nondum
801 3211 948 3277 expansos
967 3196 1147 3277 laceramus,

151 3309 252 3392 petala
274 3310 393 3397 integra
414 3309 537 3371 abeunt.
590 3310 656 3368 Hoc
682 3309 714 3375 in
741 3313 880 3380 Oxalide
899 3314 1015 3370 stricta
1032 3313 1148 3392 saepis-

151 3423 227 3484 sime
250 3419 334 3501 vidi,
368 3437 399 3484 et
421 3423 506 3482 initio
530 3406 633 3504 partes
659 3400 749 3497 hasce
772 3444 831 3503 pro
858 3420 1006 3502 glandulis
1032 3426 1147 3502 sumai,

151 3537 209 3597 etsi
223 3536 291 3596 loco
307 3557 402 3618 quem
416 3533 562 3596 tenebant
580 3524 802 3617 (ante'stamiua
811 3536 954 3620 breviora
967 3535 1145 3621 exteriora,')

151 3668 337 3730 magnopere
359 3663 494 3711 vexatus.
538 3651 720 3710 Consultans
744 3666 885 3713 auctores
901 3649 1050 3730 plurimos
1074 3652 1147 3713 nul·

149 3763 214 3824 lum
235 3764 329 3825 alium
353 3764 471 3841 inveni,
501 3764 553 3845 qui
575 3764 761 3825 mentionem
784 3764 892 3825 fecerit
916 3765 1049 3843 partium
1071 3765 1146 3826 ista-

150 3897 242 3955 rum,
260 3899 294 3938 ac
315 3878 503 3938 indefessum
524 3876 783 3937 accuratissimum
806 3879 972 3939 Couuanun
993 3878 1146 3940 Srnnuen-

148 4013 227 4054 nisu.
276 3995 333 4053 Hic
367 4010 474 4055 auctor
497 3991 647 4073 expressis
678 3989 973 4072 verbissignificat,
1009 3995 1144 4055 nectaria
