2604 4688
457 384 669 457 ..ds-..⁹

52 560 229 644 'largdniis
237 603 250 637 ,
270 556 373 621 indole
396 559 665 637 Hippocastaneis
687 555 969 638 propinquiorem
990 557 1055 621 Fo-

61 681 102 741 lia
120 681 155 739 in
172 676 394 760 plantao'parte
418 673 575 756 superiore
599 669 714 730 alterna
737 683 769 731 et
787 669 1056 753 exstipulataaetl

63 793 138 854 solia
161 786 369 874 primordialia
390 787 532 871 stipulata
553 799 590 847 ¹et
610 785 759 867 opposita.
778 781 860 869 (vicl.
881 784 919 848 A.
941 800 982 850 un
1000 786 1056 849 st.

60 907 210 985 Hessius,
228 910 272 981 fl.
289 907 411 975 Brasil,
433 903 546 965 meriti.
566 896 646 981 ij.
669 892 753 980 95.),
793 899 822 960 A
844 900 1057 981 Sapindaceir

60 1014 145 1084 veris
172 1022 356 1100 Tropaeola
382 1017 415 1080 in
436 1037 472 1078 eo
495 1013 663 1092 recedunt,
694 1011 781 1096 quod
800 1013 886 1077 locus
906 1034 969 1078 non
991 1015 1057 1079 hiat

59 1145 598 1179 ........-.-------

60 1264 188 1309 anctum.
213 1251 250 1304 'lie
264 1255 411 1314 propalatam
424 1247 618 1307 innotescentia,
634 1250 700 1296 inter
716 1256 840 1296 racemum
858 1259 942 1298 vuum
960 1248 1059 1311 simpli·
1107 1282 1109 1288 ·

62 1351 119 1386 sem
136 1346 162 1385 et
179 1333 320 1394 particulam
337 1345 419 1380 veram
436 1328 599 1385 intermedia,
625 1328 746 1386 quaedam
765 1329 881 1375 annotavi
898 1328 924 1376 in
944 1330 1058 1378 observa·

64 1415 176 1464 tionibus
192 1413 254 1460 mels
271 1413 297 1459 in
314 1408 402 1457 florum
419 1404 701 1464 inflorescentlarumque
715 1416 828 1453 naturam
849 1407 969 1459 (Limnen.
988 1407 1055 1455 ¹826.

68 1508 95 1553 p.
107 1492 173 1545 itin
182 1514 214 1528 -
223 1488 312 1539 'Habeo
329 1487 450 1548 Polygalaem
463 1488 622 1542 laconensem
640 1487 787 1546 giganteam,
798 1486 899 1543 pulchre
912 1489 1057 1545 probantem

71 1581 258 1631 consumeres
267 1582 341 1627 supra
350 1568 445 1616 laudati
463 1567 577 1614 dixerunt
592 1566 621 1612 de
637 1567 741 1613 racemis
758 1564 929 1614 terminalibus
949 1565 1056 1613 artificio

66 1636 175 1708 quodam
189 1655 292 1696 natutae
309 1645 467 1702 lateralibus,
490 1646 556 1696 (uel
571 1644 607 1691 uti
625 1653 722 1692 auctors
736 1644 847 1701 plerique
865 1644 965 1701 dicunt,
979 1655 1058 1703 oppo-

61 1726 197 1781 sitifoliis)
212 1724 294 1774 factis.
310 1724 410 1771 Plantae
425 1722 521 1771 babitus
537 1722 595 1770 talis
611 1733 640 1769 ut
655 1723 758 1778 jurares,
774 1725 869 1770 caulem
883 1725 1058 1773 indetermina-

64 1816 119 1856 tnm
135 1819 189 1855 esse
207 1806 248 1858 (h.
264 1818 285 1851 e.
300 1805 370 1850 nulia
389 1801 575 1855 innotescentia
598 1802 753 1849 terminatum
763 1805 774 1856 i
796 1827 825 1840 -
844 1804 913 1857 Quod
932 1806 1057 1862 Trigorios
1091 1828 1092 1834 =

63 1887 170 1943 attinet,
193 1882 295 1933 omnino
310 1864 435 1930 adsentior
448 1882 542 1948 clariss.
556 1879 778 1927 cnnssnssuuus
799 1880 841 1938 qui
856 1881 919 1929 vidit
930 1882 1058 1933 filamenta

62 1972 150 2013 versos
167 1961 250 2020 petala
270 1963 335 2014 duo,
362 1959 470 2005 catinam
486 1959 665 2014 quodammodo
687 1957 858 2016 efformantia,
884 1960 996 2019 deflexa,
1015 1965 1058 2011 vel

63 2044 131 2102 qnod
147 2041 230 2098 idem,
251 2040 357 2088 stamina
370 2047 427 2086 ante
441 2039 550 2094 petalum
568 2035 695 2095 gibbosum
709 2039 807 2096 posita,
827 2041 923 2088 sterilia
939 2053 981 2090 aut
1000 2056 1059 2102 sup.

62 2133 158 2181 pressa.
192 2121 224 2168 Et
246 2118 308 2165 mihi
326 2118 510 2178 Hippocrateaceis
532 2115 611 2175 magis
630 2116 710 2165 affinis
733 2119 830 2166 videtur
856 2123 959 2181 Trigont'a
983 2134 1058 2180 quam

61 2199 194 2260 tannen.
216 2199 246 2246 In
259 2197 432 2259 speciminibus
451 2197 639 2255 Trigont'aelaeuis
654 2194 823 2252 nussum,
842 2210 903 2255 quae
919 2201 1058 2248 exstantia

62 2278 181 2327 herbario
204 2277 452 2331 unmnnufflauo,
473 2276 588 2322 antheras
609 2273 662 2321 vidi
684 2276 865 2333 nnilccuiares,
886 2280 1012 2335 dorsales,
1030 2280 1057 2326 ln

64 2359 140 2405 dorso
162 2355 258 2414 apicem
276 2369 359 2402 versus
382 2355 441 2411 pilis
465 2355 545 2412 longis
561 2357 710 2411 instructas,
736 2364 761 2402 et
782 2355 886 2403 interius
905 2359 968 2405 tima
984 2359 1058 2406 unica

60 2434 244 2495 longitudinali
261 2432 419 2481 dehiscentes.
440 2432 591 2479 Positionent
604 2434 767 2492 carpellorum
782 2436 907 2483 enucleare
923 2450 972 2484 non
986 2437 1060 2487 licuit

61 2524 169 2575 propter
189 2513 321 2561 minutiem
338 2523 363 2561 et
379 2510 538 2559 villositatem
560 2511 646 2559 orarii.
676 2513 741 2560 Mihi
757 2523 839 2563 autem
861 2517 941 2566 visum
962 2529 1001 2566 est
1017 2531 1059 2578 pe·

63 2597 146 2645 talum
161 2594 290 2653 gibbosum
304 2603 415 2652 respectu
428 2592 513 2640 habito
524 2605 610 2644 aneos,
627 2586 730 2639 inferias
744 2607 805 2651 esse,
820 2609 907 2654 neque,
927 2598 964 2644 uti
976 2605 1060 2646 censet

65 2672 253 2737 eruditissimus
279 2673 519 2728 CAMBESSEDES,
547 2671 667 2730 superius.
699 2673 823 2726 Quantum
845 2675 870 2720 in
886 2676 1062 2734 speciminibus

62 2753 163 2813 optime
180 2751 284 2799 servatis
301 2753 407 2800 herbarii
426 2750 647 2801 annunciatur
665 2751 738 2799 licuit
759 2751 857 2810 videre,
879 2753 1060 2803 innotescentia

68 2833 185 2891 Trigent'u
199 2833 268 2879 laeuis
283 2840 321 2878 est
336 2845 445 2880 tacemus
460 2832 626 2891 compositust
644 2844 732 2891 nempe
747 2833 788 2882 sai
804 2834 995 2894 indeterminato
1010 2835 1061 2895 pri·

67 2912 149 2956 mario
167 2910 276 2958 insident
291 2923 349 2958 axes
366 2911 521 2967 secundarii,
545 2913 682 2960 brevissimi
699 2913 812 2971 quidem,
837 2916 879 2961 sed
896 2915 1060 2963 nihilominus

68 2987 262 3042 indeterminati,
280 3002 358 3048 neque
375 2991 412 3037 uti
421 2990 448 3037 in
465 3004 522 3038 vera
536 2991 660 3049 panicula,
676 2993 776 3049 eymosi.
796 2991 944 3051 Plerumque
954 2994 979 3041 in
990 3003 1060 3052 parte

68 3064 391 3127 inferioteinilorescentiae
401 3072 521 3127 generalis
536 3069 656 3118 iacemuli
668 3081 725 3119 sunt
736 3071 841 3128 triflori,
863 3073 889 3119 in
898 3077 980 3123 media
990 3083 1060 3132 parte

66 3145 167 3204 biliori,
185 3157 210 3196 st
221 3159 325 3206 superne
340 3149 426 3195 abortu
440 3149 549 3197 unitioni.
577 3151 631 3197 Nisi
645 3150 750 3208 graviter
761 3150 837 3196 failor
849 3153 958 3209 petalum
973 3146 1064 3211 'gibbo-

63 3303 265 3354 inllotescentiae
278 3307 400 3365 generalis
412 3310 481 3355 coelo
495 3310 625 3355 obversum
639 3316 756 3373 apparet,
776 3321 855 3366 neque
869 3318 956 3358 terrae.
976 3311 1062 3358 Flores

63 3385 93 3431 ln
108 3383 212 3433 ramulis
223 3384 418 3433 inflorescentiae
430 3388 587 3442 terminales,
605 3389 689 3444 quales
704 3388 771 3436 slstit
781 3388 861 3444 figura
872 3387 945 3448 fletae
954 3393 1063 3438 &acidae
1109 3445 1111 3450 7

62 3461 231 3520 meridionalis,
252 3466 330 3515 (st.
343 3462 398 3520 105,
419 3467 521 3533 Trigom'a
533 3466 684 3522 crotono't'des,)
702 3479 835 3524 numquam
848 3469 899 3516 vidi
915 3470 941 3516 in
959 3471 1067 3527 trigonis

63 3532 138 3598 uenia
167 3543 293 3601 Trigoniam
313 3545 448 3590 crotonoidem
462 3548 471 3594 (
480 3549 550 3591 caton
566 3548 712 3602 eriospermum
726 3545 922 3600 inmanem)
938 3561 1015 3607 aeque
1027 3560 1062 3598 'au

66 3619 197 3680 Trigom'am
223 3623 322 3670 villosam
345 3623 499 3672 AUBLETII
519 3636 575 3670 oum
598 3613 719 3690 fructibus
743 3626 912 3672 tantummodo
936 3629 1062 3686 possideo.

64 3697 144 3746 Plura
163 3697 214 3746 alia
229 3709 290 3756 quae
307 3701 336 3747 de
357 3702 459 3759 Trigonia
475 3711 500 3749 et
516 3703 626 3750 Soulamea
641 3703 718 3749 babeo
737 3701 854 3760 dicenda,
873 3705 924 3752 alio
939 3707 994 3753 loeo
1006 3719 1065 3767 pro.

64 3776 156 3824 imm.
185 3777 221 3825 cl.
238 3777 393 3834 POlTEAU‚
413 3791 490 3836 aquo
510 3780 573 3827 inter
596 3782 694 3838 plantas
717 3782 869 3836 Gujanenses
893 3785 1012 3842 plurimas
1037 3793 1063 3835 et

67 3855 186 3914 Trigont'as
198 3858 280 3903 umam
295 3858 432 3914 vitiosamque
447 3855 570 3907 fructibus
585 3853 689 3909 maturis
704 3872 804 3911 onustas
813 3863 895 3922 accepi
906 3897 914 3919 ,
925 3876 989 3910 anno
1000 3863 1064 3914 1825

65 3934 200 3982 schedulae
218 3935 319 3982 alterius
338 3937 475 3994 specierum
498 3939 645 4000 adscripsit,
663 3953 740 4001 genus
757 3943 932 4001 cuvatts'ngd
950 3943 1063 3997 ordinent

65 4014 198 4074 proprium
217 4015 375 4066 constituere.
