2604 4688
149 1347 237 1437 Sunt
271 1391 343 1454 res,
388 1389 468 1455 quae
498 1365 593 1432 levius
617 1359 823 1428 consideratae
848 1362 965 1428 minimi
993 1389 1059 1429 esse
1088 1381 1143 1435 aut

149 1492 261 1551 nullius
282 1506 406 1570 quoque
425 1484 569 1547 videntur
594 1482 752 1559 momenti,
774 1498 873 1562 quum
886 1495 988 1542 tamen
1003 1482 1141 1563 eaedem,

149 1604 299 1662 maturius
323 1616 520 1683 perpensae,
548 1599 667 1680 saepius
692 1591 822 1655 evadant
851 1596 1050 1675 gravissimae.
1091 1599 1143 1659 Sic

150 1737 177 1775 e.
199 1737 226 1796 g.
241 1707 410 1776 botanicos.
420 1735 492 1792 eos,
514 1713 568 1796 qui
586 1707 800 1790 systematibus
810 1708 898 1769 variis
915 1724 1035 1771 tantum
1048 1725 1145 1774 utun.

150 1842 221 1908 tur,
243 1845 280 1890 ut
299 1831 472 1910 plantarum
489 1827 613 1886 nomina
641 1836 843 1903 cognoscant,
864 1843 974 1903 parum
994 1839 1047 1886 aut
1068 1826 1145 1890 nihil

151 1942 260 2021 refert,
268 1957 358 2003 utran
369 1943 537 2003 Mirabilis
545 1935 1145 2015 Jalapainteguinentolloraliinstructa

151 2057 192 2116 sit
214 2055 341 2137 simplici
360 2074 398 2116 an
419 2053 553 2136 duplici,
575 2066 681 2113 utrum
705 2053 905 2128 compositae
926 2050 1027 2130 calyce
1049 2053 1145 2116 desti-

150 2184 236 2230 tutae
256 2170 317 2229 sint
325 2210 338 2246 ,
357 2188 415 2228 nec
433 2188 493 2246 oe,
516 2163 684 2226 dummodo
701 2163 878 2244 vegetabilis
893 2165 950 2226 ista
967 2168 1009 2226 ita
1029 2165 1148 2228 descri-

151 2283 288 2362 bantur,
321 2281 544 2363 descriptisque
563 2279 631 2340 talis
652 2277 829 2358 adsignetur
850 2277 952 2357 locus,
980 2295 1147 2345 uteorum

152 2397 275 2456 nomina
300 2395 386 2455 facile
415 2394 534 2476 possint
565 2390 704 2470 reperiri.
745 2389 775 2450 A
802 2389 932 2471 talibus,
966 2393 1020 2475 qui
1043 2410 1148 2458 eutem

152 2511 241 2569 multi
259 2507 359 2567 adhue
377 2519 467 2583 sunt,
488 2503 702 2585 vegetabilium
719 2502 873 2583 affinium,
895 2528 924 2567 v.
940 2527 966 2567 c.
982 2509 1147 2573 Alliariae

156 2622 549 2698 Campanulacearumque
573 2619 654 2685 sieut
680 2632 711 2678 et
733 2620 828 2679 totius
851 2619 986 2682 Naturae
1006 2623 1147 2704 ordinis,

151 2734 235 2794 nulla
253 2732 385 2794 hebetur
401 2733 489 2812 ratio,
510 2732 634 2793 nomina
647 2741 822 2814 sequuntur
840 2734 949 2814 inania,
970 2756 1020 2797 res
1038 2757 1149 2820 parum

153 2863 304 2908 curantes.
327 2847 477 2937 scientias
492 2860 595 2907 autem
608 2845 766 2908 botanicae
784 2869 968 2933 eorumque,
985 2852 1039 2932 qui
1049 2852 1150 2913 scicn-

153 2963 227 3020 tiam
247 2975 439 3041 sequuntur,
461 2935 628 3022 maximum
646 2961 794 3040 interest,
816 2976 854 3024 ut
874 2965 975 3024 omnia
995 2985 1149 3048 quaeque,

154 3072 269 3156 quibus
296 3073 468 3153 plantarum
494 3073 655 3134 affinitates
685 3076 834 3156 regnique
863 3077 1039 3157 vegetabilis
1066 3079 1150 3158 leges

154 3187 341 3264 innituntur,
363 3198 449 3244 extra
463 3205 587 3247 omnem
601 3185 826 3249 dubitationem
841 3205 1007 3272 ponentur.
1031 3193 1151 3272 Quam-

155 3302 264 3362 obrem
287 3319 412 3383 quoque
432 3297 515 3360 baud
535 3299 590 3377 abs
614 3321 649 3362 re
677 3300 818 3363 futurum
848 3303 989 3382 credidi,
1012 3307 1039 3366 si
1063 3307 1152 3373 aliens

154 3434 362 3496 proponerem
386 3426 560 3474 structurae
584 3415 697 3477 floralis
717 3421 1001 3481 Balsaminsarum
1019 3420 1152 3501 explica-

156 3529 282 3606 tionem,
304 3542 397 3611 atque
415 3547 451 3587 ee
468 3541 526 3605 est,
541 3550 634 3610 quem
648 3531 866 3594 illustrissimus
876 3536 1107 3595 Dncsuooouus
1119 3537 1151 3595 in

156 3642 337 3701 Prodromo
367 3648 553 3724 systematis
579 3649 744 3707 naturalis
772 3652 868 3725 regni
892 3649 1079 3735 vegetabilis
1105 3648 1149 3731 (1.

154 3776 187 3837 p.
209 3755 309 3834 685.)
329 3756 476 3829 exhibuit.

215 3872 300 3931 Loco
320 3871 410 3933 citato
431 3872 540 3933 llorem
557 3874 841 3936 Balsaminearum
858 3872 1060 3959 sequentibus
1082 3895 1152 3936 ver-

155 3983 202 4045 bis
236 3984 374 4049 videmus
403 3985 612 4071 descriptum:
655 4033 674 4064 „
690 3991 797 4071 Calyce
820 3989 1015 4072 2-sepalus,
1042 3989 1152 4072 sepelis
