2604 4688
545 397 746 468 ...rr-e

149 572 186 639 lls
210 571 377 657 anteposita
400 567 503 630 forent
525 564 707 645 statuenda,
721 598 726 603 ·
740 579 772 626 ot
796 564 887 626 llores
915 539 1092 652 25-meri,⁴
1114 568 1140 636 sl

149 705 254 753 autem
278 687 485 749 Geraniacer's
504 681 599 762 magis
619 679 744 758 aflines,
775 693 849 741 tunc
878 679 1007 764 carpello
1031 688 1139 769 sepelis

148 805 333 867 haberemus
351 800 482 877 alterum
497 796 667 876 floremque
685 801 870 858 edmerum.
910 797 1021 861 Nescio
1039 816 1143 871 autem

148 941 229 982 anne
251 918 342 978 llores
361 916 596 995 Malpiglciacei
613 925 645 972 et
660 909 692 971 in
714 930 752 971 eo
768 912 948 976 conveniant
968 934 1039 978 cum
1058 918 1145 980 flori·

147 1032 209 1094 bus
234 1034 459 1105 Geraniaceis,
490 1026 671 1090 verticillum
704 1022 899 1106 glandulosae
928 1027 1037 1092 indolis
1061 1033 1144 1097 inter

149 1146 278 1208 stamina
298 1158 330 1205 et
354 1142 452 1226 petala
472 1141 607 1224 positum
631 1158 718 1218 esse3
746 1137 836 1201 video
853 1139 960 1202 saltem
983 1141 1016 1204 ln
1037 1145 1145 1226 Cupa-

149 1267 226 1337 m'a,
258 1260 406 1339 Sapindo
415 1301 428 1334 ,
446 1249 472 1338 ¹)
496 1261 651 1329 Prosteo,
679 1255 908 1316 Koelreuterc'a
928 1255 1053 1341 aliisque
1078 1258 1144 1322 dis-

151 1397 222 1438 cum
239 1390 292 1437 aut
309 1374 485 1452 urceolum,
515 1386 551 1433 ut
571 1370 694 1447 dicunt,
716 1368 842 1430 stamina
859 1366 945 1452 quasi
963 1370 1145 1439 cullulciem

155 1505 218 1550 tem
238 1503 292 1550 aut
315 1487 526 1549 obvallantem.
559 1521 601 1534 —-
662 1487 751 1547 Tunc
776 1486 977 1565 Tropoeolo,
1017 1488 1144 1568 Malpr‘-

154 1606 290 1680 glriacea
307 1602 347 1663 sit
371 1602 473 1683 planta
489 1613 542 1662 aut
563 1601 772 1677 Geranracea,
792 1598 957 1660 verticillus
973 1601 1145 1691 attribuem

152 1715 211 1778 dus
242 1730 323 1778 esset
348 1733 541 1799 suppressus·
591 1711 688 1794 Quod
717 1711 853 1775 fructum
884 1714 1012 1795 attinet,
1047 1732 1145 1801 quum

149 1831 238 1892 locus
261 1850 325 1892 non
341 1844 428 1891 vacet
446 1848 505 1912 pro
524 1826 660 1910 cappellis
681 1824 803 1888 duobus
823 1826 1054 1910 deficientibus,
1076 1850 1145 1895 cre.

208 2061 237 2115 l)
257 2056 285 2110 ln
301 2059 483 2120 Sapirdacearum
497 2054 578 2115 specle
592 2056 698 2113 quadam
710 2055 859 2110 Gonianensi
874 2071 1002 2117 processus
1014 2061 1146 2114 interiores

149 2146 294 2202 petalorum
309 2138 472 2187 aestivatioue
486 2138 597 2185 valvetos
612 2133 678 2191 vidi,
696 2143 721 2182 et
734 2136 846 2195 suspicor
857 2137 884 2185 in
898 2140 1010 2188 Paulinia
1023 2142 1147 2196 affinibus-

150 2235 200 2282 que
218 2221 284 2268 idem
300 2219 420 2266 obtinere.
449 2217 502 2263 Hoc
525 2225 636 2272 respectu
658 2219 754 2274 (neque
769 2217 836 2270 alio)
856 2219 1000 2278 dapindaceae
1012 2224 1148 2282 Borragineic

149 2299 263 2356 similes,
285 2299 311 2345 in
328 2299 416 2356 quibus
430 2297 528 2352 saeplus
550 2294 697 2350 appendices
715 2291 905 2352 squamllormes
926 2301 1027 2356 (palato
1044 2303 1149 2349 Linarr'as

156 2380 314 2436 analogaeil
332 2378 507 2429 observantur,
526 2372 688 2421 aestivatione
702 2376 821 2423 valvatae.
838 2377 937 2425 corolla
951 2377 976 2426 lu
995 2389 1098 2437 utraque
1112 2381 1148 2429 fr-

150 2459 227 2508 milia
241 2458 378 2504 imbricata.
409 2455 434 2502 Si
450 2465 530 2500 autern
546 2453 684 2511 petalorum
699 2454 834 2510 laminam,
853 2457 904 2505 sive
925 2469 1066 2517 processum
1081 2469 1149 2510 exte·

151 2539 262 2591 dorem,
278 2534 502 2592 supprimeremus,
518 2532 628 2599 corollae
636 2526 764 2581 aestivatlo
777 2548 805 2582 ex
818 2535 948 2583 imbricata
961 2539 1059 2586 valvata
1069 2539 1148 2589 lieret.

150 2618 221 2671 Haec
235 2629 274 2663 res
288 2614 374 2661 forsan
390 2613 479 2659 eccidit
492 2612 519 2659 in
532 2612 685 2672 ampelidis,
701 2625 803 2670 quarum
820 2617 902 2672 petala
917 2614 1055 2666 fornicibus
1070 2621 1149 2680 Sapir-

149 2699 269 2745 dacem
291 2695 507 2758 Borraginearumpue
529 2690 666 2740 simillima.
700 2694 843 2753 Ampelideis
870 2697 964 2742 corolla
985 2697 1149 2749 aestivatione
1227 2712 1231 2719 ’

151 2778 253 2825 valvata
274 2785 318 2823 aut
334 2773 627 2830 valvam-induplicatae,
654 2780 678 2818 et
698 2771 805 2836 stamina
824 2772 914 2830 petalis
932 2776 1072 2834 anteposita
1095 2779 1149 2826 sola

153 2857 255 2904 evoluta
268 2853 397 2907 (fortassis
415 2860 517 2910 propter
531 2849 635 2897 formam
650 2852 814 2906 petalorurn).
840 2854 987 2913 ,Ampelideae
1000 2868 1056 2904 cnm
1070 2857 1152 2923 Saping

156 2936 228 2982 decen
250 2933 403 2982 conveniunt
427 2931 538 2978 caulibus
565 2931 724 2978 sarmentosis
750 2930 874 2990 ramisque
901 2932 1151 2994 inflorescentirlilrus

159 3013 253 3072 saepius
268 3016 294 3060 in
310 3011 438 3070 capreolos
453 3009 573 3065 mutaris,
599 3009 718 3056 foliorum
738 3009 834 3068 forma,
859 3012 994 3061 seminibus
1014 3016 1040 3062 in
1063 3015 1150 3073 quovis

156 3094 266 3152 carpello
280 3093 366 3151 paucis
382 3104 406 3138 et
420 3090 517 3144 erectis,
532 3090 616 3136 habitu
627 3090 754 3146 succisque
766 3091 869 3137 subinde
883 3092 1020 3139 venenosis.
1034 3092 1151 3140 Rlaemrer's

154 3173 241 3221 afflues
255 3185 308 3220 esse
323 3171 469 3232 Ampelidear
491 3169 589 3216 nullum
603 3169 701 3216 videtur
714 3169 832 3226 dubium,
856 3171 958 3217 Gouola
974 3171 1052 3218 immo
1068 3181 1094 3221 et
1105 3161 1150 3221 lra-

153 3255 210 3301 bitu
225 3250 370 3300 affinitatem
382 3251 509 3307 probante.
527 3250 636 3304 Quodam
651 3256 762 3306 respectu
776 3256 858 3295 tamen
872 3248 989 3297 Rhamnes}
1001 3251 1081 3312 magis
1095 3265 1152 3310 pro·

152 3330 275 3391 prinquas
286 3331 408 3377 crederem
420 3327 587 3376 dinarium.
600 3327 729 3375 ,Araricus
737 3336 761 3376 rt
771 3325 932 3389 caprifoliaceis
940 3328 1022 3378 minus
1034 3341 1150 3391 cognatas

152 3408 304 3460 crediderim
316 3410 476 3469 Ampelidm.
489 3415 541 3459 etsl
555 3409 683 3457 nonnullis
697 3409 1044 3477 characteribussconvenlrnr
1077 3414 1152 3458 Vim

152 3490 219 3540 folia
232 3488 405 3550 primordialia
419 3487 514 3535 alterna
529 3503 597 3547 esse,
612 3503 691 3548 neque
712 3493 749 3540 uti
769 3491 823 3538 vult
843 3504 953 3537 summus
970 3490 1153 3539 decanum„

153 3570 228 3619 mus
244 3564 368 3627 oppo'sita,
387 3567 511 3619 (Prodrom.
526 3568 547 3618 1.
563 3584 587 3628 p.
604 3565 668 3620 627.)
689 3568 740 3615 alio
756 3568 811 3615 loco
832 3569 881 3622 iam
903 3569 997 3616 monui·
1016 3573 1025 3621 l
1031 3571 1056 3616 de
1066 3560 1152 3630 organis

150 3651 186 3711 pl.
205 3663 231 3708 p.
245 3647 271 3697 11
286 3648 367 3694 -ubl
388 3646 462 3694 simul
482 3659 565 3695 veram
586 3649 755 3708 capreolorum
776 3647 1061 3711 inflorescentirrumque
1074 3649 1153 3698 inser·

154 3731 252 3777 tionem
267 3728 394 3775 enucleare
410 3736 511 3774 conatus
526 3732 598 3781 sum.)
610 3753 639 3766 ·-
652 3730 688 3777 De
701 3727 815 3778 Meliaceii
829 3741 960 3787 earumque
974 3741 1030 3776 corn
1046 3729 1152 3790 „Ampiu-

153 3807 202 3856 ω,
223 3805 357 3862 eunitae.
372 3805 522 3865 sagacissimi
538 3808 610 3855 amici
626 3809 759 3858 nnumin
773 3810 815 3857 ue
836 3809 961 3862 Jussucu
974 3794 1094 3862 trucium
1111 3823 1152 3859 er·
1199 3837 1202 3841 -

154 3887 272 3946 pecrabc.
300 3886 346 3932 lies
356 3887 466 3933 omnium
481 3884 628 3935 difficillima
640 3889 733 3946 classes
742 3888 867 3937 naturales
878 3888 987 3936 indicare
1006 3910 1035 3926 -·
1055 3887 1152 3938 utinam

156 3965 259 4015 divinus
274 3964 442 4015 ROBERTUS
458 3966 579 4014 BROWN
595 3968 738 4018 herculeum
751 3969 826 4018 hocce
840 3982 902 4028 opus
923 3982 982 4018 mox
1000 3967 1113 4029 perficiar
1124 3973 1132 4017 l
1143 3971 1165 4028 l¹

157 4043 240 4093 Series
255 4044 337 4115 euim,
352 4058 426 4106 quarn
440 4046 678 4106 dicuntrlinearem
696 4058 734 4096 est
748 4048 863 4097 sclemiae
882 4060 957 4098 mors·
