2626 4688
516 427 777 500 ,ιι-34·-

177 595 339 656 staminum
365 591 537 671 longiorum
565 593 678 672 primas
709 589 888 672 dehiscere,
926 591 1072 683 probaret
1102 594 1174 659 lere

176 708 350 791 opinionem
373 719 527 785 nostram,
555 706 611 765 nisi
633 707 736 766 forsan
759 708 915 767 Oebalides
930 712 1079 770 Rutaceis
1104 714 1174 794 Zya

175 825 356 903 goplrylleis
376 819 613 901 propinquiores
638 839 730 903 quam
758 821 938 881 Maloaceis
966 823 1013 882 vel
1040 845 1172 908 quoque

176 938 381 998 Geraniaeeis
405 933 502 1010 veris,
536 933 669 1014 quibus,
698 932 742 995 uti
764 932 916 1013 vidimus,
939 935 1070 997 evolutio
1093 958 1172 1019 par-

174 1053 251 1114 tiunt
280 1047 362 1108 lloris
395 1049 577 1108 Malvuceo.
641 1047 698 1110 Vix
721 1060 823 1108 tamen
851 1051 937 1131 prius
967 1046 1060 1110 dubia
1089 1050 1170 1113 haec

173 1183 707 1208 W

176 1269 204 1316 Α.
219 1264 261 1312 ΒΕ
273 1265 287 1316 J
291 1261 394 1310 usust]
409 1265 534 1308 durateus.)
548 1263 649 1306 duratis
661 1260 791 1308 Siuarubelt
800 1259 930 1309 aestivatio
943 1260 1051 1310 corollae
1064 1263 1169 1320 quidem

173 1353 300 1397 contorta,
323 1345 366 1389 sed
383 1343 463 1386 minus
479 1347 594 1385 constans
608 1350 636 1384 ac
655 1337 682 1383 in
704 1340 837 1387 oxalidibus.
866 1338 919 1389 (cf.
934 1342 962 1387 A.
978 1343 1021 1390 DE
1037 1341 1168 1392 JUSSIEU

172 1423 286 1473 Me‘meires
294 1437 328 1467 sur
337 1421 356 1466 le
368 1431 444 1478 granpr
457 1419 492 1463 der
504 1412 604 1463 Rutate‘es
620 1429 644 1473 p.
654 1416 714 1468 132.)
730 1420 809 1472 Quum
823 1428 905 1465 autem
919 1419 968 1472 iam
980 1433 1053 1478 supra
1063 1421 1169 1467 lutatis

168 1504 256 1561 affines
267 1500 371 1547 dixerim
385 1501 536 1550 Geraniaceas,
551 1494 695 1552 praesertim
709 1499 832 1552 Oualideas,
846 1496 887 1543 laic
899 1498 1019 1544 nonnulla
1029 1499 1119 1544 addam
1135 1500 1167 1546 de

154 1593 229 1640 *typo
244 1586 401 1634 suturarum,
415 1583 440 1621 et
454 1574 553 1631 quidem
567 1585 596 1619 eo
610 1573 703 1631 magis,
720 1586 794 1630 quum
810 1576 951 1624 distinctius
970 1577 1116 1624 exhibeatur
1135 1591 1166 1624 ac

130 1678 134 1686 ²
165 1663 197 1708 in
216 1659 369 1711 Geraniaseis,
388 1664 413 1701 tt
434 1665 509 1710 quum
531 1652 642 1709 egregius
656 1657 800 1701 naturarum
814 1656 996 1713 monograpbus
1011 1653 1096 1701 omnia
1112 1654 1166 1702 fere

171 1750 260 1797 genera
283 1731 466 1783 accuratissime
484 1729 636 1787 indagaverit
652 1741 678 1779 et
700 1733 867 1781 delineaverit.
888 1756 917 1772 -··
933 1735 1062 1792 camella,
1084 1747 1164 1792 quum

169 1829 272 1865 numero
288 1813 444 1873 petalorunr,
468 1810 536 1856 hisce
550 1823 647 1866 semper
664 1813 802 1869 anteposita
816 1826 884 1869 esse,
908 1814 1047 1860 observavit
1067 1813 1164 1862 amicus

169 1898 200 1946 Α.
214 1893 257 1941 DE
272 1891 397 1947 Jusleu
412 1888 498 1941 (Μέρη.
512 1888 587 1935 surlet
600 1885 707 1936 Rutace'er.
724 1890 791 1938 1825.
808 1905 832 1949 p.
845 1890 899 1945 62.)
920 1893 975 1945 Jarn
990 1900 1071 1938 autem
1086 1892 1164 1951 pleri.

169 1988 217 2034 qne
230 1973 302 2019 florea
316 1971 409 2018 lutari
422 1970 538 2016 exhibent
550 1967 628 2014 oculis
642 1969 734 2017 nostris
748 1979 831 2027 partes
844 1969 883 2016 vel
898 1982 989 2028 organa
1002 1969 1048 2026 25,
1067 1970 1094 2017 ia
1108 1984 1163 2018 vtr-

169 2052 262 2100 ticillos
277 2050 384 2107 quinque
398 2059 551 2106 pentameter
566 2049 712 2102 distributa.
725 2049 843 2097 nimirum
865 2050 972 2107 calycem
987 2050 1162 2109 quinque-par·

169 2131 252 2184 titum,
267 2130 350 2187 petala
364 2128 482 2185 quinque,
497 2127 602 2173 stamina
617 2129 735 2174 decentet
748 2126 855 2175 fructum
870 2127 1160 2187 quinque-carpensem.

168 2202 278 2259 Stamina
293 2209 400 2267 quinque
415 2206 534 2254 interiora
547 2206 636 2264 petalis
652 2216 676 2254 et
689 2207 751 2252 hanc
766 2207 796 2252 ob
811 2218 862 2252 rem
877 2218 973 2264 quoqne
987 2209 1104 2266 carpellis
1118 2222 1163 2256 an.

166 2288 274 2348 seposita
287 2298 360 2342 sunt,
378 2286 500 2335 exteriora
515 2298 570 2332 cunt
586 2283 745 2332 interioribus
762 2285 900 2344 petalisque
914 2287 1053 2344 alternant,
1074 2291 1159 2345 petala

165 2377 263 2424 autem,
281 2377 308 2415 ut
322 2368 410 2419 solent,
427 2365 537 2422 partibus
553 2365 641 2422 calybis
656 2365 759 2411 alterna.
788 2365 825 2411 ΒΧ
839 2366 885 2410 hac
899 2365 1062 2423 dispositione
1076 2370 1157 2416 elucet

164 2447 314 2494 verticillum
329 2445 466 2504 quendam,
482 2451 506 2490 et
518 2441 616 2499 quidem
629 2442 746 2494 tertium,
758 2443 823 2489 baud
838 2445 963 2490 evolutum
978 2458 1038 2499 esse,
1052 2456 1076 2495 et
1091 2447 1152 2504 flori,

162 2534 192 2572 ut
213 2526 330 2572 normalis
352 2524 411 2578 liat,
428 2523 539 2569 addenda
560 2529 603 2569 aut
617 2521 722 2567 stamina
739 2521 846 2579 quinque
868 2531 911 2569 aut
932 2534 1028 2581 quoque
1050 2528 1153 2574 totidem

163 2604 302 2662 glandulae.
331 2603 383 2650 Hae
400 2610 481 2658 parter
500 2612 644 2658 suppressae
667 2602 693 2647 ln
716 2599 801 2648 Tribulo
822 2610 848 2647 et
863 2599 1015 2650 Bicbmtu'm'a
1031 2604 1057 2650 in
1074 2605 1155 2654 luceru

161 2684 284 2740 prodeunt
302 2681 476 2740 glandulacae,
495 2681 528 2732 (l.
546 2693 568 2728 c.
583 2680 642 2725 Tab.
657 2677 693 2726 ll.
708 2677 748 2738 fig.
765 2679 811 2732 D.)
826 2687 850 2726 et
866 2678 894 2725 iu
912 2683 994 2738 chano
1011 2681 1155 2740 stamineae,

161 2763 225 2809 unde
242 2765 323 2819 Pegaso
346 2759 452 2807 stamina
470 2758 610 2816 quindecim
637 2768 661 2805 et
693 2757 777 2806 Tribulo
797 2759 997 2818 Bieberster'm'aeque
1022 2762 1153 2819 glandulae

160 2842 268 2897 quinque
291 2840 382 2897 petalis
402 2839 527 2892 alternae,
557 2838 589 2883 ad
613 2838 684 2884 basin
705 2830 838 2885 staminum
865 2836 1012 2885 interiorum
1032 2841 1155 2890 brevium
1175 2896 1177 2901 ¹

159 2918 264 2974 positae.
283 2941 312 2953 -
332 2916 360 2964 Iu
374 2917 503 2976 Zygopbyllis
519 2929 596 2963 novae
612 2916 760 2962 Hollaudiae
774 2914 913 2972 indigenis,
931 2917 1019 2975 quibus
1033 2921 1153 2968 verticilli

159 2992 258 3042 florales
274 3004 370 3043 tantum
388 2995 527 3049 certamen,
553 2995 663 3042 videmus
686 2994 792 3041 stamina
809 2995 931 3042 exteriora
948 2996 1036 3051 petalis
1056 2997 1153 3047 alterna

158 3077 296 3134 sepalisque
311 3074 463 3132 anteposita,
489 3083 541 3122 turn
555 3075 662 3122 stamina
677 3073 797 3121 interiora
810 3074 900 3131 petalis
915 3084 939 3122 et
951 3077 1066 3133 carpellis
1083 3089 1153 3127 aute.

157 3153 247 3211 posita,
263 3163 288 3201 et
302 3163 425 3211 praeterea
444 3154 572 3211 glandulas
589 3168 644 3201 cunt
661 3153 806 3202 staminibus
824 3153 982 3200 interioribus
994 3163 1018 3201 et
1033 3160 1152 3214 carpellis

157 3232 314 3280 alternantes.
338 3232 384 3278 llic
400 3230 476 3290 igitur
489 3233 626 3280 verticillos
641 3228 820 3290 glanduliferus
835 3231 920 3278 ordine
932 3231 1048 3289 quintus,
1069 3247 1151 3295 neque

158 3310 262 3364 tertius,
281 3311 345 3358 sicut
359 3311 384 3356 in
401 3312 545 3358 Geraniacer'r.
575 3312 605 3357 In
626 3322 715 3366 magno
730 3315 872 3358 naturarum
890 3322 992 3359 nurnero
1006 3315 1150 3363 nunsoluar

156 3389 287 3448 glandulae
304 3390 367 3436 istae
383 3391 426 3436 sed
444 3390 518 3437 etiarn
537 3390 643 3436 stamina
660 3389 779 3436 interiora
799 3399 966 3447 evanuerunt,
987 3401 1012 3439 et
1026 3401 1084 3441 tunc
1101 3392 1148 3442 llos

156 3469 237 3515 obiter
257 3476 381 3526 spectatus
401 3468 521 3514 lli-merus
541 3466 656 3520 ridetur,
680 3469 727 3514 esti
749 3480 833 3515 revera
851 3468 974 3517 Sil-merus
987 3469 1028 3518 sit.
1054 3472 1148 3522 Lactun

155 3547 333 3595 verticillorutn
353 3559 403 3592 non
419 3547 573 3594 evolaturum
591 3553 674 3592 terrent
690 3543 717 3590 in
734 3546 876 3600 huiusmodi
891 3543 993 3596 floribus
1014 3550 1147 3607 glandulae

155 3626 302 3681 saculares,
320 3625 417 3684 saepius
433 3622 592 3672 uectariferae
607 3648 636 3661 -·
651 3636 710 3681 quas
726 3627 854 3684 glandulas
865 3629 994 3677 materiam
1004 3631 1146 3689 omanicarn

154 3717 204 3751 uon
220 3705 369 3751 elaboratam
384 3716 467 3751 vocare
481 3714 617 3760 possemus.
631 3727 660 3740 -·
673 3704 702 3751 ln
720 3705 809 3753 Tribola
824 3711 918 3753 semestri
931 3707 981 3754 vidi
999 3710 1146 3765 corpuscula

155 3783 300 3840 glandulosn
316 3784 348 3829 ad
369 3782 438 3827 basin
461 3780 652 3839 uniuscuiusque
674 3787 793 3842 ampelii,
820 3787 998 3835 tranantem
1018 3786 1144 3844 glandulis

153 3860 370 3921 epicarpellaribus
384 3859 493 3915 similia,
509 3862 552 3906 sed
565 3857 616 3907 fere
631 3862 721 3919 plana,
739 3864 782 3911 vix
795 3863 919 3911 distincta.
947 3859 1046 3912 Similes
1064 3867 1143 3914 callos

153 3941 251 3988 exhibet
264 3940 329 3987 basis
343 3939 506 3996 aarpellorum
522 3941 621 3988 Geranii.
649 3944 727 3992 Hasce
741 3954 823 3993 autem
836 3945 964 4002 glandulas
982 3956 1025 3994 aut
1042 3948 1141 3996 callosi-

153 4028 215 4068 tates
229 4027 311 4079 partes
321 4030 373 4066 esse
384 4016 530 4076 pericarpii‚
549 4032 626 4077 neque
638 4035 729 4082 organa
742 4023 858 4082 propria.
873 4023 971 4074 nullutn
980 4034 1019 4075 eat
1028 4027 1139 4077 dublum.
