2604 4688
634 411 816 471 ...6-

220 565 429 658 (Circaea),
449 585 485 633 ut
508 571 669 634 verticillos
687 570 861 654 polymeros
878 571 1003 634 omnino
1028 565 1231 656 praetermit-

230 703 314 768 'tsm5
346 687 390 749 ihi
413 700 531 765 autem,
566 686 673 775 ubijn
698 687 782 746 lloris
807 685 965 768 cujusdam
991 687 1230 748 verticillouno

231 803 365 864 alterove
384 801 519 862 occurrit
538 821 685 862 numerus
708 802 842 884 partium
865 802 1042 886 quinarius,
1064 802 1233 891 certissimi
1264 828 1266 832 ¹

231 934 359 994 sumus,
391 933 497 975 omues
520 913 655 997 reliquos
684 915 846 976 verticillos
875 916 1014 998 ejusdem
1039 916 1123 977 lloris
1156 937 1231 976 esse

233 1042 429 1116 pentameros
439 1069 449 1106 ‚
467 1041 521 1106 et,
540 1027 575 1089 ,si
594 1027 700 1112 aliquis
722 1028 937 1091 verticillorum
956 1031 1048 1091 alium
1069 1027 1231 1110 quendam

233 1142 379 1204 exhibere
401 1139 523 1204 videtur
540 1162 721 1224 numerum,
743 1143 916 1225 quinarium
935 1163 1017 1204 nunc
1039 1142 1231 1204 diminutum

233 1275 299 1318 esse
318 1270 371 1318 aut
385 1256 544 1336 larvatum‚
558 1254 675 1318 ¹abortu
689 1270 742 1317 aut
759 1256 918 1318 coalitione
933 1258 1027 1340 partis
1045 1258 1137 1318 unius
1153 1256 1232 1337 plu-

231 1369 371 1448 riumve,
401 1388 505 1447 nunc,
538 1367 624 1451 quod
648 1382 749 1429 temen
770 1370 868 1433 multo
890 1370 988 1433 rarius
1010 1371 1065 1449 fit,
1099 1384 1232 1432 auctum

230 1497 320 1566 parte
350 1502 412 1543 una
440 1483 570 1542 alterave
596 1480 634 1541 ab
655 1483 739 1563 apice
767 1481 806 1543 ad
828 1483 914 1545 basin
932 1485 1019 1564 fissa,
1060 1483 1233 1548 verticillo-

232 1618 294 1679 que
320 1595 398 1656 hanc
423 1595 463 1656 ob
491 1615 559 1656 rem
589 1595 986 1678 bena-hepta-ortomero.
1037 1596 1104 1656 Tali
1129 1595 1231 1658 modo

232 1728 356 1794 semper
370 1730 436 1771 esse
453 1707 680 1792 respiciendum
693 1730 917 1793 numerumque
932 1710 1110 1792 primarium
1129 1731 1234 1791 quae-

232 1823 496 1908 rendum‚probat
506 1825 678 1908 exemplum
687 1826 918 1906 ingeniosissimi
927 1824 1229 1904 Ronnnr1Bn0wrs115

232 1957 304 2002 nam
322 1939 348 2000 si
369 1937 480 2000 virilis
502 1939 691 2017 immortalis,
720 1940 797 2003 alter
821 1940 972 2023 Oedipus,
993 1940 1025 2000 in
1047 1941 1232 2001 Orehideaa

233 2073 308 2114 rum
331 2051 458 2112 floribus
482 2066 590 2134 typum
613 2051 827 2133 vegetabilium
853 2051 1231 2136 Monocotyledoneorum

205 2193 206 2197 ¹
232 2164 334 2226 minus
356 2165 496 2246 religiose
512 2180 693 2246 persecutus
711 2180 807 2244 esset,
829 2167 877 2229 vix
896 2187 1033 2249 unquam
1053 2166 1231 2248 sphingum

233 2277 449 2341 orchidearum
469 2280 636 2360 aenigmata
654 2280 800 2341 solvisset.
1187 2263 1190 2267 .

294 2393 401 2472 Quum
419 2391 513 2454 dubia
528 2391 567 2453 de
582 2391 683 2454 indole
702 2394 918 2456 verticillorum
931 2396 1119 2458 exteriorum
1137 2397 1226 2460 lloris

234 2504 404 2587 cujusdam,
413 2506 460 2567 vel
469 2526 594 2588 quoque
606 2505 645 2567 de
654 2528 783 2570 numero
791 2509 935 2593 partium,
945 2507 1057 2589 quibus
1072 2524 1230 2591 coustant,

232 2619 429 2704 partiumque
466 2618 663 2703 dispositione
695 2621 837 2700 relativa,
867 2622 981 2704 optime
1006 2627 1225 2686 removeantur

232 2733 372 2816 partibus
389 2735 514 2818 quaein
533 2751 640 2796 centro
659 2736 742 2797 floris
758 2735 875 2816 positae
898 2748 971 2794 sunt
991 2736 1095 2817 primis
1108 2735 1220 2795 exami-

212 2849 330 2924 natis,
372 2849 403 2908 iu
427 2852 711 2911 Balsamr'nearnm
744 2848 870 2910 lloribus
897 2849 1110 2932 investigandis
1140 2848 1220 2912 hanc

236 2962 317 3022 viam
343 2981 519 3043 sequamur.

293 3075 427 3137 Fructus
443 3079 724 3138 Balsaminearum
744 3090 791 3138 est
814 3077 1091 3158 quinquelocularis
1111 3089 1144 3136 et
1158 3076 1227 3136 for-

233 3202 337 3252 matur
359 3190 518 3253 coalitione
538 3191 740 3273 carpellornm
751 3191 897 3274 quinque.
920 3186 933 3274 (
944 3193 1139 3270 Gynaeceum
1147 3210 1229 3272 pen-

235 3535 330 3582 neqse,
346 3533 375 3571 ut
389 3524 641 3582 Monocotyledooeae
656 3526 796 3582 pleraeque,
813 3519 955 3574 lSmeruon
971 3526 1146 3574 Loculamenta
1159 3525 1227 3574 fruc.

232 3611 275 3650 tus
296 3601 392 3650 trimeri
413 3602 449 3648 lta
463 3602 583 3660 disposita
597 3615 682 3656 erant,
709 3612 737 3648 ut
752 3615 827 3647 unum
849 3614 904 3652 ante
926 3604 1071 3651 laciniarum
1088 3604 1226 3664 perianthii

235 3680 384 3728 exteriorum
399 3681 467 3732 (sive
482 3682 652 3738 calycinarumt
673 3693 747 3726 unam
763 3681 870 3736 positum
883 3692 960 3738 esset,
976 3685 1072 3741 reliquo
1086 3685 1134 3729 duo
1149 3685 1224 3731 alteri

235 3760 323 3806 lterum
338 3760 482 3807 tariotarum
492 3769 705 3818 anteponerentur.
720 3761 751 3806 ln
765 3760 815 3806 alio
826 3760 887 3809 flore
904 3761 1013 3814 eiusdem
1027 3760 1127 3820 speciei,
1142 3760 1224 3816 quiin

234 3849 332 3886 racemo
349 3838 443 3885 trifloro
459 3853 582 3886 summum
603 3840 684 3884 locum
699 3840 804 3895 tenebat,
820 3841 936 3889 verticilli
951 3857 1019 3890 omnes
1032 3840 1120 3888 ‹limeri
1136 3852 1223 3897 erent.

236 3915 408 3965 loculamentis
423 3918 517 3965 fructus
528 3917 614 3964 timeri
626 3917 725 3967 laciniis
737 3919 830 3967 duabus
841 3918 973 3978 calvolus,
994 3930 1021 3970 ut
1033 3922 1117 3970 soleut
1133 3921 1160 3971 in
1170 3933 1223 3968 mc·

235 3996 451 4056 nominetenus,
467 3995 622 4055 antepositis.
