2604 4688
554 400 755 466 ...Η-

155 562 303 626 Eundem
328 583 491 624 numerum
517 562 702 626 offendimus
732 569 763 627 in
787 567 932 630 verticillo
959 570 1092 650 calycino
1116 591 1149 637 et

153 678 304 739 corollino
333 681 526 756 Tropaeoli3
558 677 884 745 androeoeumautem
908 698 939 744 et
962 706 1148 768 gynaeceum

152 790 309 852 recedunt
327 790 374 850 'ab
406 790 461 850 hac
487 791 577 872 lege,
613 792 698 872 prius
726 797 853 858 stamina
878 798 1023 861 exhibens
1058 816 1148 878 octo,

151 903 287 966 alterum
314 904 450 987 carpella²
471 906 537 966 tria.
590 904 752 970 Videamus
772 911 930 993 quomodo
955 916 1076 976 numeri
1098 919 1149 978 isti

150 1016 204 1077 hic
228 1017 402 1097 gignantur.

216 1131 311 1209 Galyx
331 1135 519 1213 Tropaeolis
533 1147 740 1216 pentamerus,
756 1140 976 1219 gamosepalns‚
992 1141 1146 1222 quinque-

151 1245 306 1327 partitus,
337 1248 531 1327 irregular'rs‚
561 1248 668 1308 lacinia
694 1246 824 1324 calyoina
842 1251 1002 1330 superiore
1024 1266 1056 1314 et
1072 1249 1149 1323 dua-

151 1359 214 1420 bus
235 1358 306 1420 huic
326 1362 469 1442 proximis
491 1364 523 1422 in
543 1361 640 1421 calcar
656 1361 793 1440 longum,
813 1360 955 1440 liberum,
976 1363 1147 1446 productis.

158 1473 323 1534 Aestiratio
355 1493 437 1534 nunc
464 1473 641 1550 imbricata,
679 1491 760 1533 nunc
786 1473 900 1536 valvata
927 1468 967 1556 ¹).
1027 1477 1149 1538 Corolla

154 1597 348 1668 pentamera,
378 1590 476 1647 rarius
504 1586 613 1649 abortu
646 1585 782 1666 dimam,
803 1587 836 1666 2)
869 1586 1150 1682 eleutheropetala‚

152 1698 351 1779 irregularis,
380 1700 487 1781 petalis
507 1721 577 1761 cum
603 1700 717 1777 laciniis
743 1700 883 1778 calycinis
910 1702 1149 1783 alternantibus,

227 1866 254 1915 l)
289 1867 364 1925 ealpx
386 1868 413 1912 ln
445 1869 553 1926 Tropaeolo
577 1866 708 1925 pentaphylla
741 1866 919 1916 LAMARORII
955 1873 1089 1928 valvulis,
1120 1872 1148 1920 lu

151 1945 342 1994 usurarum
363 1950 458 2003 majore,
488 1951 586 2000 minora,
614 1949 723 2004 peregrino
744 1955 769 1993 et
791 1947 884 1993 suberoso
897 1947 1055 2007 inimicatus,
1079 1960 1148 1998 more

152 2026 303 2070 Germiomm.
340 2024 390 2075 (cf.
413 2025 575 2072 annianus
597 2025 641 2071 DE
669 2023 795 2076 JUSSlEll
821 2035 846 2072 et
872 2025 1096 2077 CAMBESSEDES
1121 2033 1149 2076 in

150 2103 182 2150 Δ.
200 2104 243 2150 llE
260 2103 307 2149 ST.
322 2104 452 2152 lllLlllRE
473 2104 506 2164 pl·
528 2120 561 2151 us.
575 2103 612 2149 des
625 2103 702 2149 Braril.
725 2104 786 2161 Trop.
800 2103 975 2162 protoplastum.)
994 2105 1030 2152 De
1043 2106 1148 2154 aestiva.

150 2182 241 2237 tione,
256 2179 344 2228 ilerum
359 2190 506 2230 structuram
520 2190 642 2237 tractans,
654 2181 725 2237 plura
738 2190 819 2238 agam.
851 2183 898 2229 Hic
912 2190 1008 2230 tantum
1023 2195 1149 2241 moneam,

150 2259 341 2307 aesnvationem
362 2273 412 2310 non
427 2274 523 2318 semper
542 2260 652 2306 ordinem
671 2259 711 2306 rel
728 2259 891 2307 insertionem
909 2260 956 2308 rite
977 2262 1101 2316 indicare.
1124 2273 1150 2310 et

150 2350 331 2394 nonnunquam
356 2341 386 2386 ab
409 2339 472 2385 aliis*
495 2339 565 2384 rebus
587 2338 699 2395 pendere.
746 2337 824 2391 Quam
852 2339 881 2383 ob
910 2351 961 2385 rem
991 2339 1017 2384 in
1041 2341 1149 2390 eruenda

150 2412 244 2461 florum
259 2417 343 2464 indole
358 2430 413 2464 cum
427 2429 502 2475 granc
516 2415 575 2461 salis
590 2414 752 2461 consultanda
770 2426 807 2463 est
823 2416 952 2464 aestirntio
972 2418 1088 2475 partium.
1117 2419 1149 2466 In

150 2494 305 2541 familiarum
320 2496 501 2544 characteribus
516 2493 703 2542 testicationem
717 2507 767 2541 uon
782 2507 877 2554 semper
891 2496 973 2553 magni
989 2510 1040 2544 esse
1057 2495 1148 2544 facien·

151 2575 228 2629 dam,
253 2576 327 2631 probe
342 2576 392 2627 iam
408 2581 512 2624 notum,
525 2595 554 2609 ·—
568 2572 633 2619 idem
655 2573 734 2621 denuo
754 2575 872 2630 probatur
887 2576 1001 2634 exemplo
1019 2577 1149 2636 Tropaea.

146 2648 353 2711 familiarumque
374 2655 445 2701 valde
460 2653 586 2710 affinium,
612 2662 636 2700 et
656 2651 818 2699 nihilominus
843 2660 924 2699 tamen
945 2653 1148 2702 aestivationibus

152 2730 330 2779 diversissimis
345 2735 512 2790 gaudentium.

211 2811 240 2861 2)
265 2811 320 2858 Nisi
334 2811 465 2869 descriptio
489 2811 596 2871 Tropaeoli
612 2794 759 2871 pentaphyll',
786 2822 858 2869 quarn
876 2809 916 2858 ill.
930 2810 1148 2861 anmantuus

155 2888 279 2940 IUSSIEU
295 2899 319 2937 et
331 2891 553 2938 CAMBESSEDES
564 2890 682 2938 dederunt
693 2891 718 2937 in
733 2893 760 2937 A.
773 2890 813 2936 Dii
825 2887 873 2938 ST.
885 2889 1014 2938 HILAIRE
1023 2889 1074 2947 flor·
1087 2894 1149 2941 liras.

157 2969 223 3022 aner..
239 2970 353 3015 omnibus
364 2970 465 3025 reliquis
482 2970 548 3016 notis
559 2969 713 3017 exactissime
724 2968 854 3025 quadraret
865 2967 891 3014 in
902 2968 1026 3025 specimen
1040 2968 1149 3015 herbarii

159 3045 393 3102 tatianorum,
409 3046 553 3094 crediderim
568 3061 610 3094 eos
624 3050 702 3095 aliana
716 3046 872 3104 descripsisse
887 3047 1009 3104 speciem,
1027 3059 1102 3104 quum
1121 3047 1147 3093 in

155 3125 289 3181 specimine
303 3125 535 3173 LAMARCllIANO
547 3127 628 3184 petala
638 3126 751 3171 omnibus
762 3123 865 3170 floribus
876 3124 959 3170 adsint
970 3125 1088 3180 quinque,
1103 3137 1148 3172 nec

154 3206 326 3251 tantummodo
341 3207 398 3250 duo.
427 3206 516 3266 Contra
530 3203 635 3262 figuras.
661 3203 876 3252 atanaricum
896 3213 921 3250 et
934 3203 963 3250 A.
978 3203 1021 3249 DE
1039 3203 1088 3251 ST.
1103 3204 1150 3252 HI·

152 3284 249 3333 Lamse
264 3287 349 3342 datas,
367 3285 487 3339 monebo,
507 3283 613 3339 foliola,
627 3284 666 3331 vel
680 3283 763 3341 potius
778 3291 920 3338 segmenta,
936 3281 1015 3339 magis
1029 3281 1057 3327 in
1069 3283 1149 3340 petio·

152 3362 234 3411 lulum
250 3375 302 3409 esse
315 3364 448 3420 producta.
466 3375 544 3420 neque
558 3358 664 3410 ses‘silia.
694 3364 722 3409 A.
737 3363 780 3411 DE
795 3361 920 3413 JUSSIEU
935 3370 960 3408 et
974 3362 1150 3409 CAMBESSE-

151 3440 222 3497 DES.
239 3443 266 3488 in
279 3443 442 3501 descriptione
456 3455 500 3488 sua
516 3444 559 3501 (pl.
570 3459 602 3489 ur.
615 3444 650 3488 des
663 3445 751 3495 Bran),
767 3439 830 3487 alias
844 3441 1033 3495 accuratissima,
1049 3441 1148 3496 plantae

151 3519 306 3568 Brasiliauae
321 3522 370 3579 ipsi
384 3521 524 3569 tribuerunt
539 3521 675 3577 perioiutcs
691 3522 783 3567 lineam
798 3519 895 3575 longos.
923 3519 1008 3565 calcar
1021 3519 1047 3564 in
1063 3519 1150 3576 plante

151 3598 386 3647 Lamnucurnun
400 3598 481 3644 minus
496 3598 565 3656 apice
579 3598 737 3645 inflexumet
750 3595 832 3642 minus
848 3597 971 3651 obtusum,
988 3609 1015 3643 ac
1030 3597 1055 3642 in
1071 3595 1150 3654 ligura

152 3678 236 3734 operis
252 3677 354 3724 landari.
374 3678 442 3723 Folia
457 3677 482 3723 in
498 3677 584 3731 planta
600 3675 831 3724 innascuntur
847 3673 888 3720 viar
905 3687 932 3720 ac
949 3687 980 3722 ne
995 3675 1036 3722 vix
1047 3674 1149 3733 'quidem

151 3757 290 3810 orannim,
303 3765 423 3802 caeterum
438 3755 535 3812 punctis
550 3755 690 3812 pellucidis,
704 3753 908 3810 flavescentibus,
922 3754 1049 3800 instructa.
1060 3752 1149 3801 'Petale

152 3838 204 3882 dno
219 3834 345 3892 superiora
359 3835 512 3890 apatheiam,
531 3846 754 3887 nervosovenosa,
776 3834 825 3879 tria
840 3832 957 3880 inferiora
972 3830 1147 3888 anguicomus,

153 3913 249 3960 lamina
277 3913 436 3967 subcordata,
469 3913 571 3965 obtusa,
602 3912 684 3958 omnia
706 3912 837 3967 perigyna.
866 3909 1039 3966 integerrima,
1071 3911 1148 3972 linens

151 3994 216 4039 duas
232 3992 322 4050 ionga.
342 4002 367 4039 et
380 4006 436 4038 cum
451 3991 547 4038 laciniis
562 3991 678 4048 calycinis
694 3989 849 4036 alternantia.
