2604 4688
564 426 747 487 ..7-

162 579 343 666 ramerum).
391 584 459 646 Hoc
484 599 627 666 respectu
653 604 724 647 curn
753 587 930 647 oxalidum
940 587 1152 661 ,binorum

161 704 379 776 Erodiorum,
407 703 680 778 Pelargoniorum
701 702 975 778 Geraniorumquc
998 698 1154 760 fructibus

161 816 322 892 convenit,
354 813 527 896 dequibus
556 814 718 894 generibus
745 813 824 874 infra
849 834 945 894 agam.
989 813 1172 898 'Fructum‘
1198 888 1200 895 Ι

159 931 261 992 statim
293 944 466 1012 sequuntur
497 927 644 1008 stamina,
674 948 796 1010 neque,
825 928 872 988 uti
899 928 930 989 in
958 926 1062 989 multis
1089 926 1152 987 aliis
1213 952 1215 956 ’
1273 924 1275 927 ’

158 1044 268 1126 plantis
289 1063 356 1103 sese
378 1041 488 1122 habet,
509 1043 608 1106 ullum
626 1040 885 1122 deprehendimus
905 1040 1086 1102 verticillum
1104 1042 1153 1099 in-
1201 1115 1204 1119 ,

159 1158 362 1236 termedium,
391 1173 443 1218 aut
469 1156 625 1218 evolutum
652 1169 705 1215 aut
733 1154 945 1216 tantummodo
973 1153 1150 1215 indicatum.

158 1273 294 1333 Stamina
308 1270 420 1332 adsunt
441 1271 577 1351 quinque
588 1309 598 1346 ,
620 1268 726 1350 aequis
742 1267 904 1328 intervallis
923 1281 1071 1349 separata,
1094 1266 1152 1325 ita-
1184 1249 1187 1253 ⁸

158 1407 220 1467 que
240 1384 386 1466 disposita
407 1399 443 1443 ut
464 1403 535 1444 oum
557 1381 695 1465 partibus
716 1380 841 1461 singulis
863 1381 924 1441 sive
942 1377 1152 1439 loculamentis

158 1498 411 1580 stigmatibusque
426 1497 546 1559 fructus
557 1498 727 1575 alternent3
750 1493 762 1578 (
770 1494 976 1556 androeceu'rn
992 1507 1152 1573 pentame-

157 1608 258 1692 rum).
300 1611 437 1692 Analoga
450 1626 542 1690 sunt,
563 1625 704 1692 respectu
720 1609 825 1670 habito
838 1606 1059 1690 dispositionis,
1080 1603 1152 1664 hinc
1242 1673 1248 1690 ἱ

156 1726 335 1787 staminibus
363 1725 560 1791 interloribus
589 1726 803 1807 longioribus,
838 1723 953 1784 fructui
984 1720 1150 1802 proximis,
1238 1700 1241 1705 ’

157 1842 326 1921 petalisque
350 1842 491 1918 alternis,
514 1861 592 1923 quae
623 1842 654 1900 iu
688 1841 829 1897 Geranio
852 1837 1037 1912 invenimus,
1069 1834 1152 1894 illinc

156 1952 509 2015 staminibusfertilibus
530 1955 656 2014 Erodir‘.
697 1951 882 2026 Filamenta,
904 1949 1020 2029 apicem
1045 1965 1151 2007 versus

156 2065 319 2127 incrassata
337 2080 369 2126 et
388 2067 507 2149 saepius
530 2067 647 2144 coalita,
668 2064 872 2126 terminantur
890 2062 1024 2122 antherio
1043 2061 1152 2120 termi-

155 2178 274 2239 nalibus
294 2178 513 2241 bilocularibus
527 2194 560 2240 et
577 2180 643 2240 basi
661 2179 742 2239 inter
765 2198 797 2237 se
812 2178 959 2237 connatis.
993 2177 1150 2237 Hactenus

157 2287 196 2349 de
209 2311 279 2351 vera
298 2291 495 2372 dispositione
513 2312 624 2353 verove
637 2309 766 2349 numero
783 2289 917 2369 partium
933 2287 1067 2348 dubitari
1085 2308 1149 2348 non

154 2405 266 2483 potuit.
318 2407 388 2464 Jam
409 2418 513 2464 autem
538 2402 612 2463 alius
640 2402 781 2463 obfertur
811 2399 905 2463 oculis
932 2402 1045 2461 nostris
1069 2399 1149 2461 ordo

156 2531 189 2575 et
208 2535 373 2591 numerus,
395 2513 616 2596 obscuriorque
637 2517 671 2577 lit
693 2517 775 2576 lloris
796 2491 923 2577 indoles.
975 2517 1084 2575 Partes
1100 2515 1150 2574 ni-

155 2629 268 2688 mirum
289 2641 462 2711 sequuntur
477 2627 675 2689 involucrales
693 2649 768 2705 sex,
796 2649 927 2710 quarum
943 2644 1077 2710 quatuor
1100 2629 1150 2688 in-

153 2743 282 2803 teriores
299 2741 501 2824 petaloidcae,
524 2740 602 2803 duae
617 2744 783 2804 exteriores
798 2740 1001 2829 sepaloideae,
1021 2741 1147 2823 reliquis
1224 2709 1228 2722 .

152 2854 250 2915 multo
264 2850 407 2916 minores.
448 2856 595 2917 Intimum
610 2872 717 2918 tonent
735 2857 837 2917 locum
854 2871 885 2917 et
900 2869 1067 2938 propterea·
1083 2869 1146 2915 sta-

153 2966 286 3026 minibus
299 2969 489 3046 proximum,
510 2968 609 3051 petala
628 2969 691 3031 duo
706 2971 936 3048 asymmetrica‚
959 2948 1037 3052 duae
1059 2983 1148 3030 auct-

153 3077 260 3139 oribus
288 3077 471 3160 plerumque
498 3083 597 3163 petala
620 3085 729 3143 callosa
755 3084 802 3145 vel
830 3082 1061 3163 appendiculata
1091 3102 1147 3140 au-

153 3192 252 3253 diunt.
294 3193 376 3253 Ante
395 3194 495 3274 sepala
520 3202 680 3256 auctorum
703 3196 802 3277 posita
820 3209 911 3270 sunt,
930 3195 1054 3255 basibus
1074 3194 1146 3255 hinc

153 3305 219 3365 fere
239 3306 391 3386 contiguis
413 3322 445 3368 et
467 3330 537 3370 cum
560 3309 687 3369 stamine
713 3306 799 3391 quod
823 3322 893 3367 ante
915 3306 1022 3368 folium
1040 3309 1144 3368 llorale

153 3419 334 3480 calcaratum
354 3421 490 3503 positum
507 3439 554 3485 est
572 3422 795 3486 evidentissime
814 3422 1052 3498 alternantibus,
1075 3421 1145 3505 hinc
1189 3443 1192 3450 ·

152 3531 192 3593 ad
218 3536 344 3594 stamina
372 3533 435 3596 duo
463 3540 622 3618 superiora
650 3537 875 3597 accedentibus.
928 3538 1011 3596 Haec
1041 3548 1145 3594 autem

151 3648 278 3708 stamina
294 3649 335 3709 ita
358 3664 430 3710 sunt
446 3650 542 3710 locata
558 3666 594 3712 ut
614 3673 684 3712 cum
704 3645 812 3732 petalis
832 3647 955 3709 duobus
971 3650 1086 3709 callosis
1113 3662 1145 3708 et

150 3763 252 3843 petalo
270 3765 464 3841 symmetrico
485 3766 652 3825 ecalcarato
672 3765 833 3824 alternent.
890 3765 1038 3846 Sequitur
1056 3778 1145 3844 peta-

150 3874 214 3934 lum
238 3875 333 3936 hocce
364 3878 584 3956 ecalcaratum,
616 3879 762 3939 calcarato
787 3900 824 3939 ex
847 3877 974 3939 adverso
998 3877 1143 3958 positum.

149 3973 257 4051 Partes
277 3991 395 4054 llorales
419 4009 481 4056 tres
501 4014 579 4077 quac
597 4008 712 4058 restant
731 3990 969 4066 considerandae
976 4035 986 4072 ,
1008 3993 1143 4076 petalum
1233 4073 1236 4077 ²
