2604 4688
601 392 803 456 ...som

204 555 234 614 in
257 552 429 632 alabastro,
444 567 588 634 respectu
612 551 715 614 habito
734 554 921 636 reliquarum
943 558 1078 638 partium
1103 554 1198 637 floris,

203 660 385 749 maximus).
426 669 534 728 Floras
554 670 790 728 Oxalidearnm
814 682 846 728 et
866 672 1044 732 Litterarum
1067 671 1198 734 vidimus

140 764 144 775 ⁸
203 782 462 862 regularissimos,
491 780 549 840 hcc
572 795 635 858 est,
659 797 762 863 partes
790 781 929 864 ejusdem
951 785 1089 847 verticilli
1118 787 1197 849 inter

203 917 237 956 se
264 896 430 978 aequales·
468 899 687 956 Geraniaceas
714 896 753 957 ad
780 897 1038 977 irregularitatem
1066 899 1198 962 tendere

202 1026 337 1086 auterre
349 1009 531 1090 irregulares
543 1030 608 1068 esse
625 1008 765 1088 vidimus,
778 1009 870 1069 llores
883 1011 1198 1088 Tropaeclacearum
1215 1007 1216 1012 ἵ

201 1146 324 1206 semper
342 1125 529 1205 irregulares.
545 1121 740 1182 offendimus.
794 1124 928 1183 Fructus
955 1125 1135 1208 seminaque
1166 1129 1197 1188 iu

203 1237 296 1297 classe
321 1236 424 1319 quoad
445 1258 610 1298 numerum
636 1251 668 1297 et
686 1235 826 1297 indolem
842 1237 945 1315 varia,
974 1257 1077 1320 neque
1101 1241 1198 1301 exiis

202 1350 392 1414 characteres
425 1353 571 1411 certiores
599 1349 717 1410 desumi
743 1366 894 1432 possunt,
925 1352 1033 1413 saltem
1056 1352 1198 1415 admissis

201 1466 232 1525 in
254 1466 380 1526 classem
405 1470 653 1544 Tropaeolaceis
669 1480 701 1525 et
718 1471 810 1526 Lino.
859 1467 989 1528 Habitus
1010 1483 1073 1528 tam
1094 1472 1198 1532 varius

135 1573 159 1632 -Ξ
200 1580 290 1643 utin
311 1583 404 1641 classe
429 1580 559 1640 naturali
585 1581 634 1640 vix
656 1580 754 1647 minus
777 1583 940 1642 convenire
962 1584 1078 1664 possit,
1113 1603 1198 1646 nunc

199 1694 379 1776 peculiaris,
421 1714 502 1754 nunc
536 1695 792 1774 Ocryopkyllens
802 1739 814 1771 ,
846 1715 929 1756 nunc
955 1700 1126 1760 Viclce'eus
1150 1700 1197 1761 vel

144 1803 148 1808 ’
201 1829 326 1892 quoque
342 1812 584 1886 Fumariaceus,
602 1829 684 1869 nunc
699 1812 899 1887 Malvacens,
917 1827 1001 1871 nunc
1022 1814 1197 1878 Gistineus.

198 1922 329 1986 Habitus
348 1925 461 2004 igitur,
490 1942 586 2005 aeque
609 1944 643 1983 ac
664 1925 823 1984 fructuum
841 1924 1054 2007 seminumque
1074 1927 1197 1990 indoles

199 2040 249 2100 vix
265 2052 404 2098 vetarent
418 2040 643 2098 Balsamineas
663 2039 694 2097 in
712 2038 838 2099 classem
856 2053 910 2099 aut
927 2037 1069 2109 familiam
1087 2044 1195 2125 recipi,

198 2168 300 2235 neque
325 2152 427 2230 obstat
449 2153 561 2213 florum
580 2152 804 2232 irregularitas,
833 2173 911 2234 quac
935 2153 967 2214 in
993 2158 1196 2236 Tropaeolo,

198 2267 236 2329 ab
258 2267 435 2328 auctoribus
463 2268 604 2328 omnibns
634 2250 851 2329 Geranenceis
869 2265 1006 2347 adscito,
1037 2291 1138 2354 aeque
1159 2293 1193 2332 ac

197 2385 228 2444 iu
251 2387 466 2461 Pelargonio,
487 2384 623 2444 maxima.
664 2385 762 2444 Immo
784 2383 905 2444 habitus
924 2383 1059 2445 exterior
1081 2386 1189 2446 llorum

196 2502 412 2559 Balsamineis
423 2495 651 2579 quodammodo
656 2501 920 2576 Tropaeolaceus.
937 2498 1108 2559 Aestivatio
1113 2498 1190 2577 caly-

197 2613 260 2691 cis,
281 2613 380 2692 primo
396 2612 509 2685 intuitu
522 2613 645 2672 omnino
665 2613 843 2693 peculiaris,
866 2627 987 2693 tamen,
1009 2614 1041 2673 ni
1059 2614 1192 2695 graviter

196 2725 305 2805 fallor,
326 2725 464 2787 facillime
487 2725 526 2786 ad
544 2727 771 2810 aestivationem
788 2730 923 2787 Geranii
938 2726 1112 2788 referenda.
1154 2729 1192 2789 In

196 2845 359 2915 Geroniis,
379 2840 522 2901 nimirum
539 2847 729 2919 sanguineo,
754 2843 1003 2916 Wlassowiano,
1024 2845 1191 2903 ammoni·

194 2958 285 3033 solio,
309 2968 367 3015 cet.
391 2953 453 3015 dno
476 2953 649 3034 sepalorum
671 2956 840 3025 lateralium
860 2956 1013 3016 exteriora
1035 2969 1119 3035 sunt,
1140 2975 1192 3016 sc-
1234 2945 1236 2950 ⁵

189 3069 269 3152 'palis
296 3066 417 3129 duobus
448 3067 670 3147 exterioribus,
705 3071 875 3152 oppositis,
905 3072 1195 3133 Barsamenearum

195 3184 337 3264 analoga,
360 3179 478 3267 (quum
494 3183 644 3262 superiori
661 3187 799 3266 proxime
818 3175 978 3262 adstent‚)
999 3184 1058 3244 tria
1071 3184 1191 3267 reliqua

116 3285 119 3293 ¹
158 3376 160 3380 p
195 3300 350 3360 interiora.
369 3292 398 3378 1)
441 3300 477 3357 In
490 3301 699 3375 Pelargom'is
715 3312 818 3358 antem
839 3290 852 3380 (
864 3300 994 3373 zonclr',
1023 3301 1190 3373 tricolori,

193 3415 423 3490 Barrrngtonts
436 3427 493 3472 cet.
507 3407 523 3492 )
535 3413 635 3494 sepala
653 3412 714 3472 tria
731 3410 883 3470 exteriora
901 3423 986 3485 sunt,
1003 3423 1036 3470 et
1052 3409 1189 3472 lateralia

195 3527 277 3606 dno,
310 3528 460 3609 superiori
486 3528 641 3609 proxima,
678 3527 817 3586 intimum
843 3545 876 3584 rn
905 3522 1056 3584 alabastro
1079 3537 1190 3591 tenent

193 3642 305 3704 locum.
325 3642 353 3722 2)
401 3643 561 3703 Elementa
583 3642 718 3702 chemica
743 3641 774 3698 in
797 3639 890 3699 classe
912 3641 1189 3702 (tarantasmum

246 3888 273 3936 1)
289 3887 396 3934 Eandem
411 3874 597 3933 aestivatione'm
612 3884 702 3940 calceis
715 3885 789 3928 oratis
803 3881 909 3935 (striae)
925 3880 1032 3935 exhibet.
1048 3881 1186 3940 origenes!

192 3967 352 4021 satanicae,
366 3977 477 4024 respectu
493 3967 576 4013 habito
593 3966 703 4016 fructus,
722 3964 861 4021 proxinrae.

247 4045 276 4097 2)
294 4047 327 4092 Ut
338 4046 367 4091 ‹le
380 4045 499 4103 gravitate
514 4045 585 4094 hujus
598 4044 744 4089 characteris
758 4041 846 4088 melius
862 4039 967 4092 iudicari
982 4039 1070 4098 possit.
1089 4038 1186 4099 aliquot

191 4126 231 4174 hic
246 4126 393 4174 enumerabo
408 4133 433 4172 et
447 4124 493 4172 hoc
509 4133 620 4180 respectu
635 4123 772 4169 describam
790 4131 887 4177 genera.
