2604 4688
621 385 822 451 *ll-

230 552 368 622 suminis
391 551 439 612 vix
466 549 649 633 conspicuus
666 566 734 631 est,
767 572 867 635 neque
897 545 985 615 aliter
1007 551 1227 623 manifestatus·

230 689 265 733 ec
282 669 397 729 florum
411 686 489 748 qnos
502 667 597 747 gignit
610 667 792 748 praesentia,
814 671 845 726 in
856 669 1100 746 Impatientr'bus
1115 684 1226 732 autem
1266 718 1270 724 .

230 779 365 843 eundem
394 800 482 840 axem
505 778 643 841 videmus
667 781 863 862 elongatum,
897 783 984 864 qnasi
1005 798 1224 865 protractum,

199 917 201 920 ’
230 916 291 980 qua
314 916 348 956 re
366 895 398 955 in
417 891 476 954 hoc
494 913 606 974 genere
627 895 869 956 inllorescentiae
892 894 1028 957 axillares
1046 902 1226 958 racemosae

229 1011 308 1078 fiunt
330 1008 378 1070 vel
398 1008 506 1069 saltem
522 1007 738 1086 corymbosae,
759 1024 860 1088 neque
880 1007 1070 1070 umbellatae.
1112 1009 1227 1072 Flores

168 1190 169 1194 ,
211 1125 265 1216 1ἰιι»
280 1121 433 1201 corymbis
446 1122 510 1182 istis
530 1119 696 1183 ebracteati
715 1140 781 1181 esse
799 1119 962 1200 videntur,
980 1125 1051 1205 quia
1065 1122 1227 1207 bracteae,

196 1293 198 1297 ,
229 1256 308 1320 quae
338 1235 429 1318 vulgo
450 1234 516 1296 basi
539 1235 780 1318 uniuscujusque
802 1231 970 1318 pedunculi
985 1235 1134 1317 -adstent,
1173 1239 1228 1301 hic

229 1353 316 1434 qnasi
345 1349 538 1412 adscendunt
566 1351 599 1410 in
622 1347 835 1432 pedunculos,
867 1349 914 1410 vel
936 1351 1039 1433 potius
1063 1371 1176 1432 magna
1209 1372 1229 1414 e

228 1481 316 1552 parte
335 1486 406 1528 cum
420 1462 602 1548 pedunculis
622 1476 768 1523 connatae
782 1477 863 1524 sunt.
884 1461 961 1524 Inde
979 1465 1080 1525 evenit
1097 1464 1230 1547 pedun-

229 1581 314 1642 culos
332 1601 417 1641 nunc
429 1576 469 1638 ad
482 1573 614 1637 mediam
626 1575 864 1655 longitudinem,
883 1597 966 1637 nunc
980 1579 1059 1638 infra
1073 1578 1231 1663 medium,

228 1714 312 1757 nunc
334 1712 427 1775 supra
449 1689 605 1769 medium,
625 1689 729 1751 loliolo
748 1709 843 1770 parvo
866 1689 1155 1754 lineari-lanceolam
1177 1696 1231 1757 in·

230 1822 365 1871 structos
381 1827 456 1868 esse.
497 1809 632 1867 Revera
648 1825 712 1865 non
733 1807 832 1865 minus
850 1803 982 1866 bracteis
1006 1820 1111 1867 carent
1128 1806 1232 1895 llores

229 1923 435 2001 Impatientis
449 1941 483 1980 ac
498 1920 590 1980 flores
609 1921 717 1979 Thasii
731 1920 904 1981 ebracteati
910 1959 923 1996 ,
943 1923 1094 1980 Datame
1099 1960 1112 1994 ,
1136 1923 1231 1983 Tur·-

229 2056 329 2096 nerae
338 2078 351 2111 ,
372 2030 561 2098 Nicandrne
588 2039 912 2112 Onagrarimmque
932 2035 1159 2096 nonnullarum.
1185 2036 1228 2118 ¹)

159 2124 161 2128 Α
228 2149 371 2217 Bracteas
389 2147 478 2208 hasce
498 2145 774 2230 sempervidemus
798 2148 899 2230 petalo
920 2149 1115 2226 symmetrico
1135 2165 1230 2214 ante-

227 2265 341 2347 positas
364 2278 395 2325 et
414 2262 492 2324 hanc
511 2263 552 2324 ob
575 2282 641 2324 rem
659 2262 761 2346 sepalo
785 2262 932 2324 calcarato
956 2281 996 2323 ex
1014 2262 1143 2326 ad'verso
1164 2286 1229 2348 po-

228 2381 319 2455 sitas,
341 2377 428 2460 quod
442 2378 559 2438 affatim
573 2377 695 2460 probat,
716 2376 813 2437 calcar
828 2395 915 2436 axem
928 2377 1065 2455 corymbi
1084 2393 1137 2439 aut
1153 2400 1228 2443 um-

228 2492 332 2561 bellas
349 2507 506 2575 spectare,
538 2491 673 2574 petalum
693 2490 823 2551 liberum
847 2488 1082 2572 peripheriam.·
1108 2492 1225 2557 Floras

228 2607 324 2687 igitur
351 2607 383 2667 in
409 2609 626 2669 Balsaminer’s
647 2618 791 2686 respectu
813 2624 904 2664 axeos
930 2624 947 2665 e
976 2625 1039 2686 quo
1063 2605 1227 2688 prodeunt

229 2720 359 2785 eandem
375 2721 516 2781 obtinent
537 2719 749 2797 directionem,
771 2738 864 2800 quam
880 2717 1027 2780 exhibent
1043 2720 1075 2780 in
1097 2721 1220 2780 Umber„

228 2838 336 2914 liferir
344 2876 356 2911 ,
379 2827 410 2916 2)‘
430 2838 602 2913 Dipsaceis
610 2875 623 2909 ,
643 2835 775 2894 Lobelia
783 2871 796 2908 ,
819 2833 1103 2911 Campanulaceis,
1124 2835 1220 2894 coma

225 2953 361 3029 positis,
394 2941 424 3029 3)
448 2940 749 3028 Scrophnlarineis,
784 2948 950 3023 Labiatis,
979 2951 1158 3030 Polygala,
1186 2941 1222 3028 4)

132 3071 148 3113 -’
232 3066 347 3138 Viola,
375 3064 546 3138 Geraniis,
576 3065 713 3132 Erodiis
723 3105 736 3139 ,
769 3066 997 3140 Pelargcm'is,
1031 3063 1225 3139 Tropaeolt's

228 3192 288 3245 cot.
311 3191 393 3255 cet.;
416 3175 637 3255 directionem,
657 3180 685 3237 ei
710 3177 838 3259 quaein
864 3175 990 3237 {loribus
1007 3174 1225 3258 papilionaceis

228 3290 427 3375 observatur,
448 3292 572 3352 omnino
594 3292 787 3352 contrariam.

234 3446 241 3487 ὲ
275 3443 312 3496 Ι1)
337 3441 367 3488 cf.
383 3442 406 3495 J.
421 3442 544 3491 ROEPER
558 3443 748 3490 Observationes
762 3439 859 3498 aliquot
875 3439 902 3487 in
916 3438 1004 3487 florum
1027 3434 1227 3489 inflo'rescentia·

226 3535 330 3582 rumque
352 3533 474 3579 naturam,
496 3523 522 3569 in
540 3525 650 3571 lma
669 3519 762 3569 v0t1·
777 3532 802 3578 p.
821 3517 866 3568 ld'!
881 3529 907 3568 et
918 3519 945 3566 ln
959 3519 992 3568 cl.
1006 3517 1157 3567 samson
1169 3520 1226 3568 Me·

224 3603 298 3664 lange:
312 3600 441 3660 botanicum,
456 3603 513 3650 Vol.
528 3602 562 3649 11.
577 3615 602 3663 p.
617 3599 654 3648 ⁷1.

240 3688 256 3705 ··
281 3682 315 3735 a)
329 3682 358 3730 cf.
375 3674 748 3734 necassent-romonem»
760 3691 787 3736 p.
801 3676 823 3725 9.
844 3698 847 3707 ‹
897 3667 901 3674 ‘

232 3798 255 3816 ,,
281 3763 313 3814 3)
328 3759 359 3808 cf.
375 3761 445 3809 ROB.
459 3760 582 3808 -BROWN
598 3776 625 3805 on
639 3759 777 3818 Composita·
789 3769 813 3814 p.
828 3757 866 3803 88.
882 3756 919 3803 ed.
935 3763 1011 3811 germ.
1027 3753 1060 3804 11.
1073 3767 1100 3812 n.
1112 3749 1165 3800 ⁵19.

279 3838 311 3892 lt)
328 3838 360 3886 cf.
375 3840 398 3892 J.
415 3838 538 3890 ROEPER
553 3840 631 3901 Eoum.
648 3839 717 3896 Euph·
734 3851 758 3894 p.
769 3835 809 3884 st.
822 3837 848 3892 in
863 3843 930 3884 nota.
947 3833 1017 3881 Prius
1030 3835 1080 3895 iam
1094 3832 1131 3881 ill.
1147 3833 1224 3886 ROB.

226 3902 349 3968 bnown
364 3913 429 3965 i'dem
444 3902 630 3976 phaenomenon
644 3916 829 3974 consignaverat
847 3916 873 3962 in
889 3912 985 3960 Flinders
1002 3917 1050 3971 νυ.
1066 3920 1087 3960 tc
1100 3916 1173 3960 cluss
1185 3913 1223 3962 11.

227 3993 600 4056 p.⁵ta.eo.gem·1.p.2s.
691 4012 695 4021 ·
828 4012 831 4017 ·
923 3996 925 4000 '
