<?xml version="1.0" encoding="UTF-8"?>
<!DOCTYPE html PUBLIC "-//W3C//DTD XHTML 1.0 Transitional//EN"
    "http://www.w3.org/TR/xhtml1/DTD/xhtml1-transitional.dtd">
<html xmlns="http://www.w3.org/1999/xhtml" xml:lang="en" lang="en">
 <head>
  <title>
</title>
<meta http-equiv="Content-Type" content="text/html;charset=utf-8" />
  <meta name='ocr-system' content='tesseract 3.04.00' />
  <meta name='ocr-capabilities' content='ocr_page ocr_carea ocr_par ocr_line ocrx_word'/>
</head>
<body>
  <div class='ocr_page' id='page_1' title='image "./defloribusetaff00rpgoog_0066.png"; bbox 0 0 2626 4688; ppageno 0'>
   <div class='ocr_carea' id='block_1_1' title="bbox 467 330 670 431">
    <p class='ocr_par' dir='ltr' id='par_1_1' title="bbox 467 330 670 431">
     <span class='ocr_line' id='line_1_1' title="bbox 467 330 670 431; baseline -0.005 -13"><span class='ocrx_word' id='word_1_1' title='bbox 467 330 670 431; x_wconf 46' lang='lat'><strong>..514</strong></span> 
     </span>
    </p>
   </div>
   <div class='ocr_carea' id='block_1_2' title="bbox 70 529 1072 1070">
    <p class='ocr_par' dir='ltr' id='par_1_2' title="bbox 70 529 1072 1070">
     <span class='ocr_line' id='line_1_2' title="bbox 71 529 1065 615; baseline -0.004 -21"><span class='ocrx_word' id='word_1_2' title='bbox 71 541 223 615; x_wconf 17' lang='lat' dir='ltr'>,accusso</span> <span class='ocrx_word' id='word_1_3' title='bbox 261 532 305 593; x_wconf 88' lang='lat' dir='ltr'>nil</span> <span class='ocrx_word' id='word_1_4' title='bbox 345 531 518 615; x_wconf 83' lang='lat' dir='ltr'>proficere,</span> <span class='ocrx_word' id='word_1_5' title='bbox 562 529 686 594; x_wconf 75' lang='lat' dir='ltr'>familias</span> <span class='ocrx_word' id='word_1_6' title='bbox 730 531 916 593; x_wconf 85' lang='lat' dir='ltr'>constituere</span> <span class='ocrx_word' id='word_1_7' title='bbox 952 543 1065 611; x_wconf 83' lang='lat' dir='ltr'>genere</span> 
     </span>
     <span class='ocr_line' id='line_1_3' title="bbox 73 637 1067 729; baseline -0.004 -19"><span class='ocrx_word' id='word_1_8' title='bbox 73 685 91 727; x_wconf 83' lang='lat'>„</span> <span class='ocrx_word' id='word_1_9' title='bbox 112 648 205 710; x_wconf 90' lang='lat' dir='ltr'>unico</span> <span class='ocrx_word' id='word_1_10' title='bbox 224 645 421 729; x_wconf 74' lang='lat' dir='ltr'>efformatae,</span> <span class='ocrx_word' id='word_1_11' title='bbox 443 661 475 708; x_wconf 90' lang='lat' dir='ltr'>et</span> <span class='ocrx_word' id='word_1_12' title='bbox 494 643 621 729; x_wconf 86' lang='lat' dir='ltr'>quidem</span> <span class='ocrx_word' id='word_1_13' title='bbox 640 659 715 707; x_wconf 87' lang='lat' dir='ltr'>tunc</span> <span class='ocrx_word' id='word_1_14' title='bbox 732 637 972 727; x_wconf 67' lang='lat' dir='ltr'>praesertim&#39;nil</span> <span class='ocrx_word' id='word_1_15' title='bbox 989 658 1067 728; x_wconf 75' lang='lat' dir='ltr'>&#39;pro-</span> 
     </span>
     <span class='ocr_line' id='line_1_4' title="bbox 72 739 1072 845; baseline 0 -23"><span class='ocrx_word' id='word_1_16' title='bbox 72 802 90 840; x_wconf 82' lang='lat'>„</span> <span class='ocrx_word' id='word_1_17' title='bbox 112 739 203 822; x_wconf 82' lang='lat' dir='ltr'>licere</span> <span class='ocrx_word' id='word_1_18' title='bbox 223 763 345 841; x_wconf 87' lang='lat' dir='ltr'>censeo,</span> <span class='ocrx_word' id='word_1_19' title='bbox 366 781 464 844; x_wconf 88' lang='lat' dir='ltr'>quum</span> <span class='ocrx_word' id='word_1_20' title='bbox 481 761 620 842; x_wconf 80' lang='lat' dir='ltr'><strong>cogimur</strong></span> <span class='ocrx_word' id='word_1_21' title='bbox 638 758 763 820; x_wconf 79' lang='lat' dir='ltr'>familias</span> <span class='ocrx_word' id='word_1_22' title='bbox 783 759 885 842; x_wconf 87' lang='lat' dir='ltr'>hasce,</span> <span class='ocrx_word' id='word_1_23' title='bbox 907 762 979 845; x_wconf 90' lang='lat' dir='ltr'>quia</span> <span class='ocrx_word' id='word_1_24' title='bbox 996 753 1072 822; x_wconf 73' lang='lat' dir='ltr'>suu-³</span> 
     </span>
     <span class='ocr_line' id='line_1_5' title="bbox 72 852 1065 958; baseline 0 -22"><span class='ocrx_word' id='word_1_25' title='bbox 72 914 91 954; x_wconf 88' lang='lat'>„</span> <span class='ocrx_word' id='word_1_26' title='bbox 113 889 166 936; x_wconf 90' lang='lat' dir='ltr'>tua</span> <span class='ocrx_word' id='word_1_27' title='bbox 181 875 310 937; x_wconf 87' lang='lat' dir='ltr'>affinitas</span> <span class='ocrx_word' id='word_1_28' title='bbox 325 852 488 956; x_wconf 65' lang='lat' dir='ltr'>majoros</span> <span class='ocrx_word' id='word_1_29' title='bbox 506 895 599 958; x_wconf 91' lang='lat' dir='ltr'>quam</span> <span class='ocrx_word' id='word_1_30' title='bbox 615 874 744 938; x_wconf 85' lang='lat' dir='ltr'>affinitas</span> <span class='ocrx_word' id='word_1_31' title='bbox 763 895 834 940; x_wconf 90' lang='lat' dir='ltr'>cum</span> <span class='ocrx_word' id='word_1_32' title='bbox 853 877 916 940; x_wconf 90' lang='lat' dir='ltr'>aliis</span> <span class='ocrx_word' id='word_1_33' title='bbox 936 875 1065 955; x_wconf 80' lang='lat' dir='ltr'>familiis,</span> 
     </span>
     <span class='ocr_line' id='line_1_6' title="bbox 70 967 562 1070; baseline -0.002 -19"><span class='ocrx_word' id='word_1_34' title='bbox 70 989 221 1070; x_wconf 78' lang='lat' dir='ltr'>„vicinas</span> <span class='ocrx_word' id='word_1_35' title='bbox 244 989 403 1052; x_wconf 81' lang='lat' dir='ltr'>servare.&#39;&#39;</span> <span class='ocrx_word' id='word_1_36' title='bbox 559 967 562 972; x_wconf 25' lang='grc' dir='ltr'>Ι</span> 
     </span>
    </p>
   </div>
   <div class='ocr_carea' id='block_1_3' title="bbox 67 1323 1166 4048">
    <p class='ocr_par' dir='ltr' id='par_1_3' title="bbox 71 1323 1078 1751">
     <span class='ocr_line' id='line_1_7' title="bbox 135 1323 1067 1412; baseline -0.001 -22"><span class='ocrx_word' id='word_1_37' title='bbox 135 1327 217 1390; x_wconf 83' lang='lat' dir='ltr'>Haeo</span> <span class='ocrx_word' id='word_1_38' title='bbox 237 1323 418 1388; x_wconf 86' lang='lat' dir='ltr'>clarissimus</span> <span class='ocrx_word' id='word_1_39' title='bbox 439 1329 602 1398; x_wconf 77' lang='lat' dir='ltr'>Keraunios.</span> <span class='ocrx_word' id='word_1_40' title='bbox 644 1329 787 1409; x_wconf 81' lang='lat' dir='ltr'>Ignoscat</span> <span class='ocrx_word' id='word_1_41' title='bbox 811 1324 899 1412; x_wconf 87' lang='lat' dir='ltr'>quod</span> <span class='ocrx_word' id='word_1_42' title='bbox 920 1346 999 1410; x_wconf 88' lang='lat' dir='ltr'>quae</span> <span class='ocrx_word' id='word_1_43' title='bbox 1021 1328 1067 1390; x_wconf 88' lang='lat' dir='ltr'>le-</span> 
     </span>
     <span class='ocr_line' id='line_1_8' title="bbox 71 1440 1068 1524; baseline 0 -21"><span class='ocrx_word' id='word_1_44' title='bbox 71 1440 144 1524; x_wconf 78' lang='lat' dir='ltr'>pide</span> <span class='ocrx_word' id='word_1_45' title='bbox 164 1441 276 1502; x_wconf 79' lang='lat' dir='ltr'>effatus</span> <span class='ocrx_word' id='word_1_46' title='bbox 296 1455 353 1518; x_wconf 88' lang='lat' dir='ltr'>est,</span> <span class='ocrx_word' id='word_1_47' title='bbox 379 1441 501 1523; x_wconf 88' lang='lat' dir='ltr'>impuro</span> <span class='ocrx_word' id='word_1_48' title='bbox 514 1442 585 1502; x_wconf 89' lang='lat' dir='ltr'>stilo</span> <span class='ocrx_word' id='word_1_49' title='bbox 601 1442 632 1502; x_wconf 92' lang='lat' dir='ltr'>in</span> <span class='ocrx_word' id='word_1_50' title='bbox 645 1441 781 1524; x_wconf 84' lang='lat' dir='ltr'>linguam</span> <span class='ocrx_word' id='word_1_51' title='bbox 791 1441 915 1503; x_wconf 88' lang='lat' dir='ltr'>latinam</span> <span class='ocrx_word' id='word_1_52' title='bbox 930 1455 1068 1503; x_wconf 88' lang='lat' dir='ltr'>transtu·</span> 
     </span>
     <span class='ocr_line' id='line_1_9' title="bbox 72 1553 1078 1634; baseline 0.003 -20"><span class='ocrx_word' id='word_1_53' title='bbox 72 1554 171 1619; x_wconf 86' lang='lat' dir='ltr'>ierim.</span> <span class='ocrx_word' id='word_1_54' title='bbox 194 1555 281 1634; x_wconf 82' lang='lat' dir='ltr'>Quae</span> <span class='ocrx_word' id='word_1_55' title='bbox 299 1569 406 1616; x_wconf 90' lang='lat' dir='ltr'>contra</span> <span class='ocrx_word' id='word_1_56' title='bbox 425 1556 574 1617; x_wconf 84' lang='lat' dir='ltr'>theoriam</span> <span class='ocrx_word' id='word_1_57' title='bbox 582 1557 785 1619; x_wconf 74' lang='lat' dir='ltr'>Kournrautu</span> <span class='ocrx_word' id='word_1_58' title='bbox 800 1555 899 1617; x_wconf 88' lang='lat' dir='ltr'>haheo</span> <span class='ocrx_word' id='word_1_59' title='bbox 913 1553 1078 1617; x_wconf 68' lang='lat' dir='ltr'>mouenda*</span> 
     </span>
     <span class='ocr_line' id='line_1_10' title="bbox 71 1666 1076 1751; baseline 0.002 -22"><span class='ocrx_word' id='word_1_60' title='bbox 71 1683 145 1730; x_wconf 86' lang='lat' dir='ltr'>sunt</span> <span class='ocrx_word' id='word_1_61' title='bbox 160 1689 277 1750; x_wconf 85' lang='lat' dir='ltr'>pauca,</span> <span class='ocrx_word' id='word_1_62' title='bbox 298 1667 356 1731; x_wconf 88' lang='lat' dir='ltr'>sed</span> <span class='ocrx_word' id='word_1_63' title='bbox 380 1671 426 1732; x_wconf 90' lang='lat' dir='ltr'>uti</span> <span class='ocrx_word' id='word_1_64' title='bbox 449 1671 523 1730; x_wconf 92' lang='lat' dir='ltr'>mihi</span> <span class='ocrx_word' id='word_1_65' title='bbox 544 1668 686 1750; x_wconf 87' lang='lat' dir='ltr'>videtur,</span> <span class='ocrx_word' id='word_1_66' title='bbox 708 1691 745 1731; x_wconf 90' lang='lat' dir='ltr'>eo</span> <span class='ocrx_word' id='word_1_67' title='bbox 767 1670 914 1751; x_wconf 81' lang='lat' dir='ltr'>graviora.</span> <span class='ocrx_word' id='word_1_68' title='bbox 1070 1666 1076 1675; x_wconf 65' lang='lat'><em>⁷</em></span> 
     </span>
    </p>

    <p class='ocr_par' dir='ltr' id='par_1_4' title="bbox 67 1762 1166 3700">
     <span class='ocr_line' id='line_1_11' title="bbox 131 1762 1084 1866; baseline 0.002 -24"><span class='ocrx_word' id='word_1_69' title='bbox 131 1762 236 1842; x_wconf 78' lang='lat' dir='ltr'>Primo</span> <span class='ocrx_word' id='word_1_70' title='bbox 258 1790 375 1845; x_wconf 84' lang='lat' dir='ltr'>errasse</span> <span class='ocrx_word' id='word_1_71' title='bbox 397 1785 558 1847; x_wconf 78' lang='lat' dir='ltr'>Kourarnu</span> <span class='ocrx_word' id='word_1_72' title='bbox 577 1782 782 1862; x_wconf 76' lang='lat' dir='ltr'>crediderim,</span> <span class='ocrx_word' id='word_1_73' title='bbox 814 1780 902 1866; x_wconf 88' lang='lat' dir='ltr'>quod</span> <span class='ocrx_word' id='word_1_74' title='bbox 922 1802 960 1842; x_wconf 89' lang='lat' dir='ltr'>ex</span> <span class='ocrx_word' id='word_1_75' title='bbox 981 1780 1084 1844; x_wconf 87' lang='lat' dir='ltr'>hiatu</span> 
     </span>
     <span class='ocr_line' id='line_1_12' title="bbox 71 1895 1070 1981; baseline -0.003 -22"><span class='ocrx_word' id='word_1_76' title='bbox 71 1895 121 1960; x_wconf 87' lang='lat' dir='ltr'>vel</span> <span class='ocrx_word' id='word_1_77' title='bbox 148 1896 311 1956; x_wconf 87' lang='lat' dir='ltr'>interstitio</span> <span class='ocrx_word' id='word_1_78' title='bbox 332 1897 412 1958; x_wconf 84' lang='lat' dir='ltr'>inter</span> <span class='ocrx_word' id='word_1_79' title='bbox 436 1898 536 1981; x_wconf 83' lang='lat' dir='ltr'>petala</span> <span class='ocrx_word' id='word_1_80' title='bbox 565 1911 711 1980; x_wconf 84' lang='lat' dir='ltr'>quatuor,</span> <span class='ocrx_word' id='word_1_81' title='bbox 733 1917 791 1980; x_wconf 89' lang='lat' dir='ltr'>per</span> <span class='ocrx_word' id='word_1_82' title='bbox 811 1897 896 1980; x_wconf 86' lang='lat' dir='ltr'>paria</span> <span class='ocrx_word' id='word_1_83' title='bbox 926 1909 1070 1974; x_wconf 76' lang='lat' dir='ltr'>connata,</span> 
     </span>
     <span class='ocr_line' id='line_1_13' title="bbox 71 2009 1074 2094; baseline -0.004 -20"><span class='ocrx_word' id='word_1_84' title='bbox 71 2009 229 2074; x_wconf 80' lang='lat' dir='ltr'>concludit</span> <span class='ocrx_word' id='word_1_85' title='bbox 254 2009 385 2072; x_wconf 85' lang='lat' dir='ltr'>deficere</span> <span class='ocrx_word' id='word_1_86' title='bbox 415 2012 551 2094; x_wconf 85' lang='lat' dir='ltr'>petalum</span> <span class='ocrx_word' id='word_1_87' title='bbox 580 2013 733 2094; x_wconf 87' lang='lat' dir='ltr'>quintum.</span> <span class='ocrx_word' id='word_1_88' title='bbox 780 2014 889 2074; x_wconf 82' lang='lat' dir='ltr'>Partes</span> <span class='ocrx_word' id='word_1_89' title='bbox 915 2011 1074 2090; x_wconf 78' lang='lat' dir='ltr'>calycinae</span> 
     </span>
     <span class='ocr_line' id='line_1_14' title="bbox 70 2124 1070 2208; baseline -0.002 -21"><span class='ocrx_word' id='word_1_90' title='bbox 70 2126 103 2187; x_wconf 90' lang='lat' dir='ltr'>in</span> <span class='ocrx_word' id='word_1_91' title='bbox 121 2124 324 2208; x_wconf 60' lang='lat' dir='ltr'>receptaculo⁸</span> <span class='ocrx_word' id='word_1_92' title='bbox 337 2125 423 2187; x_wconf 80' lang='lat' dir='ltr'>floris</span> <span class='ocrx_word' id='word_1_93' title='bbox 445 2127 493 2187; x_wconf 85' lang='lat' dir='ltr'>rel</span> <span class='ocrx_word' id='word_1_94' title='bbox 518 2125 565 2187; x_wconf 87' lang='lat' dir='ltr'>axi</span> <span class='ocrx_word' id='word_1_95' title='bbox 587 2125 686 2187; x_wconf 82' lang='lat' dir='ltr'>florali</span> <span class='ocrx_word' id='word_1_96' title='bbox 706 2140 769 2187; x_wconf 90' lang='lat' dir='ltr'>tam</span> <span class='ocrx_word' id='word_1_97' title='bbox 787 2124 930 2187; x_wconf 88' lang='lat' dir='ltr'>distinete</span> <span class='ocrx_word' id='word_1_98' title='bbox 958 2144 1070 2207; x_wconf 84' lang='lat' dir='ltr'>supra·</span> 
     </span>
     <span class='ocr_line' id='line_1_15' title="bbox 71 2231 1166 2320; baseline -0.002 -20"><span class='ocrx_word' id='word_1_99' title='bbox 71 2239 230 2302; x_wconf 83' lang='lat' dir='ltr'>ordinatae</span> <span class='ocrx_word' id='word_1_100' title='bbox 246 2254 328 2320; x_wconf 90' lang='lat' dir='ltr'>suut,</span> <span class='ocrx_word' id='word_1_101' title='bbox 349 2254 385 2302; x_wconf 91' lang='lat' dir='ltr'>ut</span> <span class='ocrx_word' id='word_1_102' title='bbox 399 2242 512 2303; x_wconf 89' lang='lat' dir='ltr'>mirum</span> <span class='ocrx_word' id='word_1_103' title='bbox 527 2239 592 2300; x_wconf 87' lang='lat' dir='ltr'>fere</span> <span class='ocrx_word' id='word_1_104' title='bbox 617 2254 709 2320; x_wconf 89' lang='lat' dir='ltr'>esset,</span> <span class='ocrx_word' id='word_1_105' title='bbox 731 2243 757 2301; x_wconf 90' lang='lat' dir='ltr'>si</span> <span class='ocrx_word' id='word_1_106' title='bbox 771 2241 910 2314; x_wconf 71' lang='lat' dir='ltr'>verticilli</span> <span class='ocrx_word' id='word_1_107' title='bbox 929 2239 1067 2300; x_wconf 85' lang='lat' dir='ltr'>corollini</span> <span class='ocrx_word' id='word_1_108' title='bbox 1161 2231 1166 2253; x_wconf 78' lang='lat'>¹</span> 
     </span>
     <span class='ocr_line' id='line_1_16' title="bbox 70 2353 1075 2438; baseline 0.005 -27"><span class='ocrx_word' id='word_1_109' title='bbox 70 2366 174 2433; x_wconf 85' lang='lat' dir='ltr'>partes</span> <span class='ocrx_word' id='word_1_110' title='bbox 192 2354 387 2433; x_wconf 86' lang='lat' dir='ltr'>receptaculo</span> <span class='ocrx_word' id='word_1_111' title='bbox 405 2355 436 2415; x_wconf 93' lang='lat' dir='ltr'>in</span> <span class='ocrx_word' id='word_1_112' title='bbox 451 2353 561 2416; x_wconf 90' lang='lat' dir='ltr'>eodem</span> <span class='ocrx_word' id='word_1_113' title='bbox 577 2357 668 2438; x_wconf 88' lang='lat' dir='ltr'>plano</span> <span class='ocrx_word' id='word_1_114' title='bbox 683 2359 812 2419; x_wconf 87' lang='lat' dir='ltr'>insertas</span> <span class='ocrx_word' id='word_1_115' title='bbox 830 2354 1012 2418; x_wconf 87' lang='lat' dir='ltr'>videremus.</span> <span class='ocrx_word' id='word_1_116' title='bbox 1025 2389 1075 2403; x_wconf 86' lang='lat'>-·</span> 
     </span>
     <span class='ocr_line' id='line_1_17' title="bbox 70 2465 1078 2553; baseline 0.003 -27"><span class='ocrx_word' id='word_1_117' title='bbox 70 2465 238 2526; x_wconf 80' lang='lat' dir='ltr'>Aestivatio</span> <span class='ocrx_word' id='word_1_118' title='bbox 256 2465 341 2528; x_wconf 86' lang='lat' dir='ltr'>[ioris</span> <span class='ocrx_word' id='word_1_119' title='bbox 355 2466 419 2549; x_wconf 89' lang='lat' dir='ltr'>jam</span> <span class='ocrx_word' id='word_1_120' title='bbox 432 2469 546 2532; x_wconf 90' lang='lat' dir='ltr'>indicat</span> <span class='ocrx_word' id='word_1_121' title='bbox 562 2491 676 2553; x_wconf 82' lang='lat' dir='ltr'>organa</span> <span class='ocrx_word' id='word_1_122' title='bbox 694 2470 833 2553; x_wconf 89' lang='lat' dir='ltr'>ejusdem</span> <span class='ocrx_word' id='word_1_123' title='bbox 847 2469 985 2532; x_wconf 83' lang='lat' dir='ltr'>verticilli</span> <span class='ocrx_word' id='word_1_124' title='bbox 1003 2486 1078 2530; x_wconf 76' lang='lat' dir='ltr'>non’</span> 
     </span>
     <span class='ocr_line' id='line_1_18' title="bbox 72 2574 1067 2667; baseline 0.005 -29"><span class='ocrx_word' id='word_1_125' title='bbox 72 2574 174 2638; x_wconf 88' lang='lat' dir='ltr'>eidem</span> <span class='ocrx_word' id='word_1_126' title='bbox 202 2577 335 2640; x_wconf 83' lang='lat' dir='ltr'>insidere</span> <span class='ocrx_word' id='word_1_127' title='bbox 361 2581 471 2663; x_wconf 88' lang='lat' dir='ltr'>plano,</span> <span class='ocrx_word' id='word_1_128' title='bbox 498 2605 570 2647; x_wconf 90' lang='lat' dir='ltr'>nam</span> <span class='ocrx_word' id='word_1_129' title='bbox 597 2605 700 2667; x_wconf 91' lang='lat' dir='ltr'>neque</span> <span class='ocrx_word' id='word_1_130' title='bbox 727 2584 843 2644; x_wconf 85' lang='lat' dir='ltr'>valrata</span> <span class='ocrx_word' id='word_1_131' title='bbox 867 2597 935 2663; x_wconf 89' lang='lat' dir='ltr'>est,</span> <span class='ocrx_word' id='word_1_132' title='bbox 963 2602 1067 2664; x_wconf 89' lang='lat' dir='ltr'>neque</span> 
     </span>
     <span class='ocr_line' id='line_1_19' title="bbox 72 2690 1067 2781; baseline 0.004 -27"><span class='ocrx_word' id='word_1_133' title='bbox 72 2693 206 2754; x_wconf 83' lang='lat' dir='ltr'>valvato-</span> <span class='ocrx_word' id='word_1_134' title='bbox 224 2690 426 2775; x_wconf 88' lang='lat' dir='ltr'>induplicata,</span> <span class='ocrx_word' id='word_1_135' title='bbox 448 2703 548 2781; x_wconf 86' lang='lat' dir='ltr'>neque</span> <span class='ocrx_word' id='word_1_136' title='bbox 570 2714 720 2761; x_wconf 86' lang='lat' dir='ltr'>contorta.</span> <span class='ocrx_word' id='word_1_137' title='bbox 762 2699 866 2760; x_wconf 86' lang='lat' dir='ltr'>Varias</span> <span class='ocrx_word' id='word_1_138' title='bbox 885 2698 1067 2758; x_wconf 84' lang='lat' dir='ltr'>insertiones</span> 
     </span>
     <span class='ocr_line' id='line_1_20' title="bbox 70 2806 1078 2895; baseline 0.007 -30"><span class='ocrx_word' id='word_1_139' title='bbox 70 2806 166 2886; x_wconf 85' lang='lat' dir='ltr'>magis</span> <span class='ocrx_word' id='word_1_140' title='bbox 180 2810 359 2891; x_wconf 88' lang='lat' dir='ltr'>conspicuas</span> <span class='ocrx_word' id='word_1_141' title='bbox 371 2819 446 2873; x_wconf 81' lang='lat' dir='ltr'>&#39;esse</span> <span class='ocrx_word' id='word_1_142' title='bbox 462 2830 556 2895; x_wconf 86' lang='lat' dir='ltr'>quam</span> <span class='ocrx_word' id='word_1_143' title='bbox 569 2817 600 2876; x_wconf 88' lang='lat' dir='ltr'>in</span> <span class='ocrx_word' id='word_1_144' title='bbox 617 2814 681 2874; x_wconf 87' lang='lat' dir='ltr'>aliis</span> <span class='ocrx_word' id='word_1_145' title='bbox 695 2811 837 2893; x_wconf 82' lang='lat' dir='ltr'>floribus,</span> <span class='ocrx_word' id='word_1_146' title='bbox 860 2832 985 2875; x_wconf 86' lang='lat' dir='ltr'>neccsse</span> <span class='ocrx_word' id='word_1_147' title='bbox 1008 2813 1078 2892; x_wconf 76' lang='lat' dir='ltr'>est,</span> 
     </span>
     <span class='ocr_line' id='line_1_21' title="bbox 73 2925 1070 3008; baseline 0.009 -28"><span class='ocrx_word' id='word_1_148' title='bbox 73 2940 170 3000; x_wconf 91' lang='lat' dir='ltr'>quum</span> <span class='ocrx_word' id='word_1_149' title='bbox 190 2925 364 3005; x_wconf 85' lang='lat' dir='ltr'>petalorum</span> <span class='ocrx_word' id='word_1_150' title='bbox 386 2947 506 3008; x_wconf 85' lang='lat' dir='ltr'>ungues</span> <span class='ocrx_word' id='word_1_151' title='bbox 523 2928 589 2990; x_wconf 89' lang='lat' dir='ltr'>basi</span> <span class='ocrx_word' id='word_1_152' title='bbox 608 2931 764 2991; x_wconf 86' lang='lat' dir='ltr'>incrassati</span> <span class='ocrx_word' id='word_1_153' title='bbox 786 2929 857 2994; x_wconf 87' lang='lat' dir='ltr'>sint.</span> <span class='ocrx_word' id='word_1_154' title='bbox 899 2929 937 2987; x_wconf 93' lang='lat' dir='ltr'>In</span> <span class='ocrx_word' id='word_1_155' title='bbox 957 2931 1070 3006; x_wconf 78' lang='lat' dir='ltr'>Papa·</span> 
     </span>
     <span class='ocr_line' id='line_1_22' title="bbox 73 3038 1080 3122; baseline 0.008 -28"><span class='ocrx_word' id='word_1_156' title='bbox 73 3040 215 3096; x_wconf 79' lang='lat' dir='ltr'>ceraceis</span> <span class='ocrx_word' id='word_1_157' title='bbox 229 3058 321 3099; x_wconf 89' lang='lat' dir='ltr'>nemo</span> <span class='ocrx_word' id='word_1_158' title='bbox 333 3038 403 3118; x_wconf 87' lang='lat' dir='ltr'>fuit,</span> <span class='ocrx_word' id='word_1_159' title='bbox 422 3042 552 3122; x_wconf 91' lang='lat' dir='ltr'>quinon</span> <span class='ocrx_word' id='word_1_160' title='bbox 570 3042 748 3106; x_wconf 86' lang='lat' dir='ltr'>admitteret</span> <span class='ocrx_word' id='word_1_161' title='bbox 764 3043 909 3104; x_wconf 90' lang='lat' dir='ltr'>corollam</span> <span class='ocrx_word' id='word_1_162' title='bbox 923 3063 939 3101; x_wconf 93' lang='lat' dir='ltr'>a</span> <span class='ocrx_word' id='word_1_163' title='bbox 958 3056 1080 3104; x_wconf 79' lang='lat' dir='ltr'>natura·</span> 
     </span>
     <span class='ocr_line' id='line_1_23' title="bbox 70 3153 1078 3238; baseline 0.009 -29"><span class='ocrx_word' id='word_1_164' title='bbox 70 3153 282 3233; x_wconf 85' lang='lat' dir='ltr'>tetrapetalam</span> <span class='ocrx_word' id='word_1_165' title='bbox 295 3170 507 3236; x_wconf 86' lang='lat' dir='ltr'>procreatam,</span> <span class='ocrx_word' id='word_1_166' title='bbox 529 3170 681 3217; x_wconf 89' lang='lat' dir='ltr'>ettamen</span> <span class='ocrx_word' id='word_1_167' title='bbox 700 3156 800 3238; x_wconf 86' lang='lat' dir='ltr'>petala</span> <span class='ocrx_word' id='word_1_168' title='bbox 817 3155 881 3216; x_wconf 92' lang='lat' dir='ltr'>duo</span> <span class='ocrx_word' id='word_1_169' title='bbox 902 3154 1078 3218; x_wconf 61' lang='lat' dir='ltr'>evidentis&#39;</span> 
     </span>
     <span class='ocr_line' id='line_1_24' title="bbox 69 3264 1077 3352; baseline 0.006 -26"><span class='ocrx_word' id='word_1_170' title='bbox 69 3264 146 3326; x_wconf 87' lang='lat' dir='ltr'>sime</span> <span class='ocrx_word' id='word_1_171' title='bbox 169 3266 316 3331; x_wconf 79' lang='lat' dir='ltr'>inferiora</span> <span class='ocrx_word' id='word_1_172' title='bbox 336 3283 427 3349; x_wconf 88' lang='lat' dir='ltr'>sunt,</span> <span class='ocrx_word' id='word_1_173' title='bbox 459 3268 523 3332; x_wconf 90' lang='lat' dir='ltr'>duo</span> <span class='ocrx_word' id='word_1_174' title='bbox 542 3269 661 3352; x_wconf 84' lang='lat' dir='ltr'>reliqua</span> <span class='ocrx_word' id='word_1_175' title='bbox 682 3270 851 3350; x_wconf 88' lang='lat' dir='ltr'>superiora.</span> <span class='ocrx_word' id='word_1_176' title='bbox 870 3275 874 3284; x_wconf 91' lang='lat'><em>&#39;</em></span> <span class='ocrx_word' id='word_1_177' title='bbox 902 3271 1077 3350; x_wconf 83' lang='lat' dir='ltr'>Caeterum·</span> 
     </span>
     <span class='ocr_line' id='line_1_25' title="bbox 67 3381 1069 3466; baseline 0.003 -25"><span class='ocrx_word' id='word_1_178' title='bbox 67 3381 356 3446; x_wconf 81' lang='lat' dir='ltr'>Balsaminearum</span> <span class='ocrx_word' id='word_1_179' title='bbox 386 3383 516 3445; x_wconf 78' lang='lat' dir='ltr'>affinitas</span> <span class='ocrx_word' id='word_1_180' title='bbox 543 3405 614 3446; x_wconf 87' lang='lat' dir='ltr'>cum</span> <span class='ocrx_word' id='word_1_181' title='bbox 646 3387 786 3445; x_wconf 82' lang='lat' dir='ltr'>Gerania</span> <span class='ocrx_word' id='word_1_182' title='bbox 807 3382 943 3466; x_wconf 56' lang='lat' dir='ltr'>noscit,</span> <span class='ocrx_word' id='word_1_183' title='bbox 963 3398 1000 3444; x_wconf 88' lang='lat' dir='ltr'>ut</span> <span class='ocrx_word' id='word_1_184' title='bbox 1012 3390 1014 3396; x_wconf 86' lang='lat'>&#39;</span> <span class='ocrx_word' id='word_1_185' title='bbox 1026 3384 1069 3444; x_wconf 89' lang='lat' dir='ltr'>ita</span> 
     </span>
     <span class='ocr_line' id='line_1_26' title="bbox 69 3490 1077 3584; baseline 0.01 -32"><span class='ocrx_word' id='word_1_186' title='bbox 69 3490 181 3581; x_wconf 87' lang='lat' dir='ltr'>dicam,</span> <span class='ocrx_word' id='word_1_187' title='bbox 201 3498 340 3576; x_wconf 90' lang='lat' dir='ltr'>petalum</span> <span class='ocrx_word' id='word_1_188' title='bbox 355 3501 613 3580; x_wconf 81' lang='lat' dir='ltr'>unum&#39;cxterius,</span> <span class='ocrx_word' id='word_1_189' title='bbox 635 3499 723 3584; x_wconf 90' lang='lat' dir='ltr'>quod</span> <span class='ocrx_word' id='word_1_190' title='bbox 737 3500 933 3562; x_wconf 85' lang='lat' dir='ltr'>aestivatioue</span> <span class='ocrx_word' id='word_1_191' title='bbox 947 3504 1077 3562; x_wconf 77' lang='lat' dir='ltr'>caetera</span> 
     </span>
     <span class='ocr_line' id='line_1_27' title="bbox 68 3607 544 3700; baseline 0.021 -33"><span class='ocrx_word' id='word_1_192' title='bbox 68 3607 273 3672; x_wconf 87' lang='lat' dir='ltr'>subcoutorta</span> <span class='ocrx_word' id='word_1_193' title='bbox 293 3614 422 3696; x_wconf 87' lang='lat' dir='ltr'>obtegit.</span> <span class='ocrx_word' id='word_1_194' title='bbox 540 3691 544 3700; x_wconf 18' lang='grc' dir='ltr'><em>ς</em></span> 
     </span>
    </p>

    <p class='ocr_par' dir='ltr' id='par_1_5' title="bbox 68 3726 1078 4048">
     <span class='ocr_line' id='line_1_28' title="bbox 130 3726 1068 3811; baseline 0.004 -25"><span class='ocrx_word' id='word_1_195' title='bbox 130 3726 231 3788; x_wconf 89' lang='lat' dir='ltr'>Porro</span> <span class='ocrx_word' id='word_1_196' title='bbox 262 3749 380 3791; x_wconf 88' lang='lat' dir='ltr'>errasse</span> <span class='ocrx_word' id='word_1_197' title='bbox 405 3728 480 3791; x_wconf 89' lang='lat' dir='ltr'>mihi</span> <span class='ocrx_word' id='word_1_198' title='bbox 504 3730 626 3796; x_wconf 86' lang='lat' dir='ltr'>videtur</span> <span class='ocrx_word' id='word_1_199' title='bbox 652 3734 827 3811; x_wconf 63' lang='lat' dir='ltr'>Rusones,</span> <span class='ocrx_word' id='word_1_200' title='bbox 849 3729 920 3792; x_wconf 87' lang='lat' dir='ltr'>alias</span> <span class='ocrx_word' id='word_1_201' title='bbox 943 3749 1068 3795; x_wconf 83' lang='lat' dir='ltr'>accura-</span> 
     </span>
     <span class='ocr_line' id='line_1_29' title="bbox 68 3838 1068 3937; baseline 0.011 -39"><span class='ocrx_word' id='word_1_202' title='bbox 68 3838 221 3937; x_wconf 85' lang='lat' dir='ltr'>tissimus,</span> <span class='ocrx_word' id='word_1_203' title='bbox 252 3843 339 3926; x_wconf 86' lang='lat' dir='ltr'>quod</span> <span class='ocrx_word' id='word_1_204' title='bbox 366 3843 441 3906; x_wconf 88' lang='lat' dir='ltr'>dicit</span> <span class='ocrx_word' id='word_1_205' title='bbox 461 3847 562 3928; x_wconf 87' lang='lat' dir='ltr'>petala</span> <span class='ocrx_word' id='word_1_206' title='bbox 585 3845 761 3934; x_wconf 87' lang='lat' dir='ltr'>(connata)</span> <span class='ocrx_word' id='word_1_207' title='bbox 789 3849 822 3908; x_wconf 89' lang='lat' dir='ltr'>in</span> <span class='ocrx_word' id='word_1_208' title='bbox 850 3846 958 3927; x_wconf 87' lang='lat' dir='ltr'>latere,</span> <span class='ocrx_word' id='word_1_209' title='bbox 981 3842 1068 3930; x_wconf 88' lang='lat' dir='ltr'>quod</span> 
     </span>
     <span class='ocr_line' id='line_1_30' title="bbox 69 3938 1078 4048; baseline 0.012 -36"><span class='ocrx_word' id='word_1_210' title='bbox 69 3948 243 4018; x_wconf 86' lang='lat' dir='ltr'>interstitio·</span> <span class='ocrx_word' id='word_1_211' title='bbox 256 3962 453 4045; x_wconf 77' lang='lat' dir='ltr'>proximum,</span> <span class='ocrx_word' id='word_1_212' title='bbox 482 3964 603 4046; x_wconf 82' lang='lat' dir='ltr'>saepius</span> <span class='ocrx_word' id='word_1_213' title='bbox 632 3967 727 4048; x_wconf 80' lang='lat' dir='ltr'>magis</span> <span class='ocrx_word' id='word_1_214' title='bbox 748 3963 869 4026; x_wconf 86' lang='lat' dir='ltr'>evoluta</span> <span class='ocrx_word' id='word_1_215' title='bbox 884 3983 961 4026; x_wconf 80' lang='lat' dir='ltr'>esse.</span> <span class='ocrx_word' id='word_1_216' title='bbox 985 3938 1078 4025; x_wconf 55' lang='lat' dir='ltr'>Con-s</span> 
     </span>
    </p>
   </div>
   <div class='ocr_carea' id='block_1_4' title="bbox 0 0 1318 4688">
    <p class='ocr_par' dir='ltr' id='par_1_6' title="bbox 0 0 1318 4688">
     <span class='ocr_line' id='line_1_31' title="bbox 0 0 1318 4688; baseline 0 0"><span class='ocrx_word' id='word_1_217' title='bbox 0 0 1318 4688; x_wconf 95' lang='lat' dir='ltr'> </span> 
     </span>
    </p>
   </div>
  </div>
 </body>
</html>
