2604 4688
527 364 730 424 -56--

197 526 319 604 „Floris
337 541 477 587 centrum
500 538 583 585 tenet
605 525 741 584 orarium
758 523 907 604 liberum,
930 526 1129 588 terminatum

135 683 154 721 „
175 642 314 721 stigmate
332 641 362 698 in
380 639 467 699 lobos
486 638 621 721 quinque
639 652 744 698 acutos
760 637 865 716 diviso.
901 641 1049 706 Ovarium
1065 642 1130 701 oin-

133 795 153 828 „
175 754 257 833 gitur
285 752 462 812 staminibus
485 752 621 832 quinque
650 749 923 837 aequidistantibus
949 769 981 815 et
1005 756 1036 814 in
1060 776 1131 814 ver-

43 866 52 890 ‘
135 906 153 944 „
174 867 299 927 tioillum
322 866 445 926 unicum
479 864 641 946 dispositis.
684 866 766 930 Haeo
791 869 925 947 partium
947 868 1130 950 dispositio,

136 996 211 1058 „ut
242 981 273 1041 in
309 979 447 1061 partibus
481 1002 559 1062 quae
606 979 743 1061 genitalia
779 980 931 1061 obtegunt
965 1003 1133 1044 numerum

137 1093 349 1176 „quinarium
380 1114 582 1174 quaeramus,
631 1113 688 1155 nos
722 1095 884 1175 impellit„
925 1095 1130 1158 Nihilominus

138 1246 155 1283 ,‚
177 1220 278 1266 tamen
306 1207 470 1268 vertioillus
501 1208 664 1270 corollinus
694 1208 761 1268 loeo
787 1210 961 1291 petalorum
993 1211 1132 1293 quinque

1 1360 24 1404 p.
39 1343 109 1398 33⁶„
139 1318 242 1396 „duo
273 1335 393 1381 tontum
423 1305 573 1396 exhibet,
604 1322 770 1401 latissima,
792 1391 794 1394 Α
816 1323 935 1403 bifida,
973 1324 1132 1403 lateralia,

141 1473 158 1511 „
181 1434 284 1516 itaque
306 1436 469 1512 collocata,
496 1450 532 1496 ut
559 1455 664 1496 versus
687 1436 771 1496 lloris
795 1452 915 1518 partem
938 1437 1134 1518 superiorem

62 1596 63 1599 η
137 1549 247 1626 „satis
270 1551 330 1610 lato
355 1550 511 1609 intervallo
545 1551 675 1612 alterum
698 1551 736 1612 ab
770 1553 864 1642 altero
892 1552 1131 1633 sintseparata.

140 1704 156 1740 t,
177 1667 272 1724 Latus
296 1664 486 1745 petalorum,
521 1664 607 1745 quod
632 1666 702 1727 hoio
726 1665 821 1725 hiatui
855 1664 974 1750 adstat,
1010 1667 1135 1748 saepius

140 1818 156 1855 „
177 1778 272 1858 magis
290 1778 446 1840 evolutum
461 1794 507 1839 est
523 1801 556 1839 ao
576 1781 654 1840 latus
670 1779 708 1839 ab
727 1777 837 1839 eodem
851 1801 999 1840 aversum.
1050 1783 1136 1842 Exa-

139 1936 158 1968 ,‚
179 1893 291 1954 minata
307 1895 457 1974 positione
472 1894 644 1975 petalorum
658 1894 788 1957 istorum
799 1913 991 1974 magnorum,
1006 1914 1135 1976 respen-

139 2045 157 2082 ‚‚
180 2020 272 2088 taque
292 2008 442 2087 positione
462 2011 642 2083 staminum,
661 2008 830 2068 invenimus
851 2007 1004 2086 singulum
1022 2027 1134 2068 eorum

139 2164 158 2195 „
179 2120 281 2181 locum
308 2142 458 2204 occupare
483 2124 563 2182 intra
592 2121 719 2182 stamina
749 2122 806 2180 tria
836 2134 1013 2198 vacantem,
1046 2118 1135 2201 quod

139 2277 159 2309 „
179 2248 283 2295 autem
298 2250 383 2295 extra
401 2255 523 2296 omnem
541 2233 763 2295 dubitationem
776 2237 873 2314 ponit,
896 2233 1058 2317 quodlibet
1077 2255 1134 2316 pe-

139 2391 157 2428 „
178 2351 310 2416 talorum
326 2366 490 2411 constasse
504 2348 626 2410 duobus
637 2349 755 2431 petalis,
787 2348 873 2408 basin
892 2368 996 2408 versus
1018 2368 1132 2408 conna-
1177 2357 1185 2371 '

139 2503 157 2539 „
179 2465 227 2523 tis.
283 2462 379 2541 Quod
408 2478 509 2523 autem
536 2463 671 2543 petalum
700 2463 841 2544 quintum
870 2462 1002 2537 attinet,
1049 2461 1129 2520 hiatu

139 2617 159 2649 „
180 2575 260 2634 inter
289 2574 389 2655 petala
415 2575 549 2635 lateralia
578 2574 759 2652 observato,
794 2589 824 2634 et
846 2595 917 2634 oum
951 2572 1134 2633 staminibus

140 2687 302 2767 „duobus
323 2689 510 2765 alternante,
546 2703 632 2749 certo
659 2689 772 2749 certius
797 2688 964 2769 probatur,
997 2687 1136 2769 petalum

137 2848 157 2880 „
179 2804 321 2885 quintum
337 2787 536 2882 suppressum
556 2822 632 2864 esse.
672 2802 857 2883 Hypothesis
874 2801 1004 2861 corollae
1022 2815 1134 2882 penta-

139 2957 156 2995 „
178 2917 317 2998 petalae,
351 2914 462 2975 abortu
488 2929 645 2976 constante
675 2918 765 2977 unius
792 2900 1137 2998 potatorum'tetrape-

138 3031 274 3109 „talae,
305 3050 367 3091 non
392 3029 490 3090 solum
518 3031 643 3091 inservit
665 3031 859 3112 explicandae
885 3031 980 3091 indoli
1006 3045 1038 3091 et
1065 3048 1138 3091 mo-

139 3159 281 3221 „mento
301 3146 435 3230 partium
454 3145 590 3208 vertioilli
618 3145 729 3207 lloralis
754 3146 935 3224 exterioris,
957 3145 1019 3205 sive
1051 3143 1138 3223 caly-

139 3260 254 3337 „oini,
296 3257 352 3319 sed
390 3259 455 3339 ipsa
489 3280 613 3341 quoque
650 3260 757 3337 ealyeis
791 3279 850 3341 ope
882 3260 996 3319 iterum
1022 3258 1140 3317 confir-

138 3416 157 3449 „
178 3386 288 3433 matur.
328 3371 475 3435 Videmus
499 3373 613 3434 scilicet
632 3372 671 3433 ad
691 3372 788 3433 basim
809 3375 994 3437 exteriorem
1017 3373 1139 3460 utrius-

137 3528 154 3566 „
176 3509 237 3569 que
252 3488 332 3570 paris
348 3488 520 3570 petalorum
541 3487 720 3551 coalitorum
739 3487 875 3551 foliolum
894 3507 1023 3569 parvum
1036 3476 1062 3565 ,⁸

1069 3508 1139 3548 me-

138 3641 155 3678 „
178 3600 234 3662 diis
257 3603 364 3684 petalis
395 3602 477 3663 hisee
506 3616 537 3663 et
564 3601 653 3663 simul
682 3603 801 3663 stamini
826 3622 889 3663 uno
916 3601 1135 3682 antepositum.

139 3759 155 3796 ‚,
177 3721 242 3783 Lex
253 3732 375 3796 autem,
394 3732 497 3798 partes
513 3717 650 3779 vertioilli
669 3715 782 3781 floralis
803 3715 965 3797 cujuslibet
978 3736 1050 3777 oum
1060 3735 1136 3797 par-

139 3875 156 3912 „
179 3834 260 3896 tibus
275 3833 412 3894 vertioilli
426 3833 639 3916 praecedentis
657 3845 687 3892 et
708 3832 864 3916 sequentis
886 3832 1048 3906 alternare,
1071 3828 1137 3888 sola

139 3995 155 4024 „
175 3950 236 4028 jam
257 3950 366 4031 probat
384 3950 434 4008 hic
457 3946 556 4031 petala
575 3946 637 4010 duo
659 3947 766 4008 coalita
792 3967 864 4008 esse.
910 3945 1013 4007 Hiatui
1030 3959 1135 4005 autem
