2604 4688
558 374 763 436 ..e-08...-

153 554 254 608 neruo
270 534 373 606 medio
397 536 555 601 instructa.
605 534 729 598 indoles
752 536 846 618 igitur
867 538 1010 619 organica
1030 537 1161 622 eadem,
1220 613 1222 616 ⁸
1288 531 1290 535 ¹

155 680 263 744 neque
280 657 417 742 petalum
432 653 564 715 liberum
584 650 716 732 dyadem
734 652 822 714 sistit.
872 653 982 716 Partes
1003 655 1162 738 physiolo-

155 779 243 859 gioae
264 774 388 855 organis
408 769 669 833 involucrantibus
689 768 773 829 lloris
793 768 936 831 omnibus
947 810 958 850 ,
980 771 1006 832 ei
1029 773 1162 855 excipias

154 893 370 956 Balsaminae
391 890 554 948 hortensis
572 884 674 967 sepala
695 882 824 964 extima,
855 883 1002 964 eaedem,
1034 888 1166 949 omnino

155 1004 334 1066 corollinae.

219 1115 308 1196 Quid
325 1115 366 1176 sit
378 1112 537 1197 squamula
550 1112 764 1191 minutissima,
786 1132 880 1195 mam
892 1111 1081 1176 bracteolam
1092 1133 1160 1177 essa

159 1233 338 1314 suspicatur
359 1229 396 1290 cl.
412 1231 578 1306 llunrnrus,
599 1245 754 1309 quamque
773 1240 844 1287 ante
863 1226 947 1288 lloris
962 1229 1163 1310 apertionem

157 1346 254 1407 dorso
277 1344 371 1426 petali
389 1342 477 1402 liberi
505 1361 599 1423 supra
616 1340 703 1431 basin
722 1340 908 1403 insidentem
927 1341 1022 1422 dicit,
1044 1346 1162 1407 nescio.

161 1463 211 1522 An
229 1461 331 1520 forsan
353 1461 507 1520 Kunrmns
535 1457 673 1539 sepalum
695 1457 902 1518 accessorium
922 1456 1021 1519 viditt
1061 1458 1162 1538 Mihi,

163 1577 273 1637 ilerum
312 1573 499 1634 Balsaminae
541 1574 697 1654 ingentem
744 1590 910 1632 numerum
952 1567 1161 1654 omnibusque

156 1692 236 1752 vitae
266 1686 372 1749 stadiis
405 1687 611 1762 examinanti,
639 1705 809 1767 numquam
838 1685 975 1747 occurrit
998 1686 1164 1768 foliolum,

154 1801 244 1888 quod
261 1824 321 1885 pro
338 1802 494 1864 bracteola
514 1801 620 1862 haberi
640 1815 757 1882 posset.
799 1801 842 1861 Et
864 1802 890 1860 si
914 1799 1040 1882 wando
1068 1800 1164 1863 brao-

155 1919 258 1981 teolae
291 1918 448 2000 obrepunt
477 1917 565 2000 quasi
592 1917 624 1976 in
648 1914 750 1996 sepala
781 1927 834 1975 aut
856 1913 977 1975 lacinias
1010 1914 1163 1994 calycinaa
1240 1980 1242 1985 s

156 2032 206 2120 (cl
229 2037 429 2095 Pultenaeae
450 2034 651 2113 linophylloe
662 2026 808 2109 calicem)
828 2029 954 2091 omnino
968 2031 1162 2094 contrarium

155 2164 205 2212 est
216 2147 337 2229 legibus
353 2146 579 2228 vegetabilium,
591 2144 779 2207 bracteolam
793 2143 937 2205 bracteae
956 2147 1165 2228 antepositam

154 2284 234 2326 esse.
284 2265 414 2345 Semper
442 2259 590 2322 lateribus
613 2261 696 2320 lloris
726 2274 780 2320 aut
806 2259 974 2343 pedunculi
1004 2259 1163 2339 insident,¹

154 2379 265 2441 saltem
287 2375 318 2438 in
333 2378 443 2460 plantis
467 2374 718 2454 dicotyledcueis.

214 2493 386 2554 Filamenta
421 2489 521 2552 albida
555 2505 629 2551 sunt
657 2491 705 2551 vel
733 2511 822 2552 rosea
835 2534 845 2570 ,
886 2510 988 2572 neque
1021 2506 1164 2572 unquam

153 2606 273 2671 viridia.
317 2606 411 2667 Color
427 2604 531 2666 viridis
547 2606 722 2666 ovariorum
737 2605 916 2682 translucet,
938 2625 1046 2688 quum,
1068 2625 1164 2686 prae-v

154 2723 246 2805 cipue
272 2720 462 2803 marginibus
481 2735 515 2782 et
534 2720 623 2781 basin
644 2740 770 2795 versus,
813 2717 963 2800 diaphana
987 2722 1058 2782 sint.
1106 2718 1160 2783 Ad

154 2839 247 2897 imam
265 2837 352 2898 basin
376 2834 565 2919 quandoque
587 2836 754 2897 virescunt.
795 2833 964 2897 Filamenta
987 2836 1019 2896 in
1038 2838 1160 2898 Balea-

158 2955 251 3012 mina
274 2953 366 3034 paulo
399 2952 479 3011 inira
502 2954 621 3033 apicem
648 2951 837 3028 cohaerent,
873 2949 1016 3032 superius
1044 2951 1164 3014 iterum·

155 3061 259 3125 libera.
291 3068 376 3127 ilaec
394 3063 562 3125 coalitionis
578 3064 744 3126 methodus
763 3065 795 3124 in
811 3062 968 3144 unguibus
983 3063 1160 3145 petalorum

151 3181 233 3240 Lina·
249 3195 282 3240 et
302 3181 481 3241 Oxalidum
502 3178 568 3240 lere
587 3180 725 3239 omniurn
742 3177 835 3240 redit.

207 3290 365 3357 'Fructum
396 3295 539 3375 egregie,
586 3294 633 3353 uti
658 3293 754 3373 solet,
802 3289 966 3373 descripsit
990 3290 1157 3353 Knnrnrns.

148 3406 275 3469 Addam
295 3410 363 3491 ejus
377 3407 587 3489 descriptioni,
609 3409 749 3470 orarium
765 3404 817 3486 (et
828 3405 966 3469 fructum
981 3389 1165 3485 maturum)

147 3543 287 3604 superne
311 3523 453 3604 glabrum
480 3543 547 3582 esse
576 3536 630 3582 aut
653 3521 718 3582 lere
746 3522 903 3603 glabrum,
934 3535 966 3581 et
986 3520 1157 3586 vernaculis

146 3637 368 3720 planiusculis,
397 3659 436 3701 ex
460 3636 838 3715 albim-virescentibus,
867 3650 995 3699 tectum.
1037 3636 1158 3700 Forsan

147 3771 286 3833 superne
310 3753 429 3815 calvum
456 3752 517 3814 dici
542 3769 658 3835 posset.
699 3755 776 3815 Pars
806 3753 901 3815 orarii
924 3753 1006 3814 calva
1032 3773 1068 3812 aa
1091 3766 1157 3833 est,

148 3867 280 3950 quaein
302 3869 379 3930 llere
399 3869 535 3931 antheris
555 3871 642 3946 quasi
661 3869 800 3932 vcstitur.
849 3868 907 3930 Pili
931 3881 1005 3928 sunt
1027 3866 1158 3950 quidem

147 3982 322 4065 simplices,
349 3983 410 4046 hoc
431 4001 480 4048 est
504 4006 567 4047 non
596 3988 729 4065 ramosi,
759 3983 816 4047 scd
841 4004 904 4047 non
932 3983 1154 4067 simplicissimi.
