2626 4688
551 432 591 447 ...
632 399 669 460 31
712 394 787 447 ...f-

155 559 465 646 ealyeinisstalternis,
493 562 661 640 contortis,
684 576 716 623 et
736 559 910 643 junioribus
934 561 1063 642 saltem,
1081 563 1147 629 basi

157 679 338 741 oxalidem
358 697 444 738 more
467 675 710 738 cohaerentibus.
763 677 945 763 Glandelas
960 677 1022 740 vidi
1039 680 1146 762 nullas,

156 807 212 856 aut
236 808 300 854 tam
327 792 534 872 indistinctas,
573 805 610 853 nt
631 789 744 852 dubius
768 787 930 872 haeream,
963 791 1064 856 adsint
1089 815 1147 858 nee

156 929 207 971 ne.
248 907 361 970 Petalis
386 907 502 969 alterna
535 905 673 967 videmus
703 903 830 966 stamina
862 905 1064 992 monadelpha
1084 911 1148 972 fe'r-

155 1023 220 1085 tilia
239 1023 398 1105 quinque,
429 1020 542 1104 quibus
569 1021 600 1080 in
629 1018 789 1101 speciebus
814 1018 967 1080 nonnullis
994 1022 1148 1106 interjecti

154 1149 231 1218 epnt
252 1134 359 1197 dentes
382 1133 534 1213 totidem,
555 1131 664 1216 proeul
683 1132 778 1195 dubio
799 1153 857 1215 pro
881 1130 1060 1198 staminibus
1075 1125 1148 1200 'ste-
1199 1199 1204 1216 ,

157 1249 265 1313 rilibus
282 1249 424 1311 habendi.
448 1247 528 1333 (vid.
546 1250 652 1322 litans
673 1258 756 1328 gete.
774 1251 890 1309 Daret.
910 1248 979 1312 vol.
1005 1252 1033 1312 8.
1051 1265 1076 1313 t.
1098 1255 1146 1317 17.

157 1364 208 1446 fig.
231 1366 258 1426 5.
279 1378 302 1425 t
323 1367 371 1426 18.
386 1364 456 1445 ligg.
481 1367 496 1424 1
521 1377 552 1425 et
576 1357 630 1445 3.)
654 1363 773 1424 Dentes
795 1360 845 1423 isti
863 1363 970 1445 petalis
994 1367 1149 1453 carpellis·

158 1495 220 1562 que
236 1479 406 1561 antepositi.
449 1478 587 1561 Carpella
602 1486 724 1559 semper
737 1476 844 1559 petalis
860 1478 1048 1559 anteposita,
1070 1477 1149 1541 den·

157 1605 206 1653 tes
227 1590 328 1654 adsint
346 1613 403 1653 nee
424 1613 482 1671 ne,
505 1612 596 1674 quam
617 1591 739 1653 obrem
760 1592 791 1651 in
813 1590 973 1675 speciebus
995 1591 1148 1657 edentulis

155 1707 295 1768 verticilli
315 1708 472 1790 suppressi
494 1704 669 1786 statuendi,
691 1719 745 1766 aut
767 1702 848 1783 duo,
871 1720 924 1766 aut
942 1706 1025 1769 nulli.
1048 1708 1149 1773 Vero·

157 1819 286 1881 similius
297 1821 328 1881 in
339 1825 433 1882 Linis
444 1821 585 1882 omnibus
604 1809 741 1884 vertieilli
755 1817 867 1880 adsunt
884 1839 957 1895 sex,
978 1822 1035 1882 etsi
1043 1839 1147 1905 partes

158 1932 296 1994 verticilli
315 1934 392 2000 sexti
414 1954 598 2017 numquam,
621 1934 720 2017 quinti
747 1953 810 1994 non
837 1953 960 2017 semper
982 1935 1146 2017 prodeant.

157 2046 192 2108 Si
221 2048 350 2108 stamina
375 2048 510 2128 sterilia,
548 2069 626 2131 qnae
649 2048 756 2130 petalis
777 2051 966 2131 anteposita,
996 2053 1159 2114 exteriora

156 2174 246 2239 sunt,
269 2174 301 2222 et
323 2160 434 2222 fertilia
455 2162 620 2240 interiora,
652 2177 748 2241 tune,
771 2160 907 2224 admissis
935 2164 1148 2246 glandularum

142 2275 312 2356 ⁴vestigiis,
333 2275 389 2336 llos
414 2296 520 2338 revera
541 2279 758 2339 Geraniaeeus
778 2291 879 2357 esset,
899 2278 946 2338 sin
967 2293 1071 2343 autem
1085 2297 1149 2343 sta-

155 2389 237 2450 mina
266 2389 377 2451 fertilia
405 2391 556 2452 exteriora
580 2405 671 2471 sunt,
702 2391 871 2474 petalisqne
899 2391 989 2453 nullis
1014 2393 1149 2457 interve-

155 2503 312 2565 nientibus
342 2503 406 2565 aliis
436 2504 587 2566 verticillis
618 2505 754 2583 alterna,
781 2519 855 2566 tune
887 2507 1062 2584 symmetria
1090 2527 1148 2569 nos

159 2632 285 2699 cogeret
299 2631 436 2679 statuere
448 2618 628 2680 verticillum
638 2620 789 2702 quintum,
805 2619 983 2680 staminibus
993 2620 1148 2683 sterilibus
1225 2615 1231 2628 ’
1248 2618 1250 2620 ’

123 2727 126 2732 ’
158 2731 359 2815 carpellisque
384 2732 617 2814 interpositum,
644 2754 851 2817 suppressum.
895 2735 1001 2814 Quum
1030 2740 1149 2798 linum

156 2845 233 2907 mihi
248 2846 347 2908 multo
365 2846 459 2928 magis
480 2845 520 2907 ad
543 2851 700 2909 Oxalides
719 2847 870 2931 quemad
890 2852 1036 2911 Gerania
1060 2871 1149 2911 aece-

159 2955 236 3018 dere
250 2958 389 3020 videatur
400 2953 442 3042 ¹),
457 2961 565 3023 melius
582 2961 684 3024 forsan
698 2983 771 3024 vera
784 2962 901 3026 indoles
917 2963 1050 3026 elucebit
1062 2965 1149 3048 prins

158 3074 285 3154 cognito
307 3078 482 3138 Oxalidttm
503 3077 588 3137 llore.

222 3190 358 3261 Oxalidi
373 3191 431 3272 ipsi
444 3192 637 3274 praemittam
647 3192 862 3268 Λνεννὴοανη,
879 3191 942 3272 jam
957 3194 1148 3274 aBarsemo‚

157 3301 399 3384 ingeniosissimo
422 3306 509 3385 viro,
537 3306 660 3367 affinem
682 3303 843 3372 indicatam
867 3302 990 3389 (Tabul.
1015 3306 1096 3368 affin.
1116 3329 1149 3388 p.

157 3419 210 3477 23.
232 3436 269 3477 ex
289 3419 367 3481 Ros.
386 3413 562 3501 Bnowuro).
604 3423 807 3484 Averreoam
819 3423 949 3484 Bilimde'
963 3435 995 3483 et
1012 3422 1149 3485 Caram·

212 3683 241 3738 l)
268 3687 383 3734 corollae
404 3685 430 3734 iu
452 3696 555 3746 utroque
575 3702 662 3747 genere
683 3696 824 3743 contortae,
848 3700 973 3747 nunquam
987 3687 1149 3748 irregulares,

154 3766 245 3814 eodem
259 3767 333 3814 modo
349 3769 637 3826 pseudo-gemmantes,
653 3769 711 3826 styli
726 3767 798 3815 liberi
813 3780 857 3814 neo
875 3765 988 3822 connati,
1003 3770 1097 3817 semina
1114 3771 1151 3818 al·

154 3843 305 3898 botulnosa.
320 3857 468 3902 compresse.
490 3847 576 3900 Folia,
592 3847 618 3893 in
632 3850 685 3894 Lino
698 3847 838 3905 simplicia,
852 3846 980 3905 phyllodie
993 3846 1076 3895 forsan
1087 3863 1150 3908 esse.

155 3921 300 3971 verosimile
311 3922 339 3972 fit
353 3935 494 3982 comparata
510 3927 599 3974 Oxals'de
611 3925 741 3988 bupleuroide
758 3924 800 3978 (cf.
816 3926 890 3974 AUG.
903 3925 945 3973 DE
959 3925 1148 3978 stentem:

155 4000 184 4049 tl.
200 4001 290 4052 ensis.
304 4004 390 4051 meriti.
407 4003 463 4052 Vol.
474 4004 494 4052 1.
511 4013 529 4051 t.
541 4003 588 4052 23.)
