2604 4688
495 436 698 497 -tt-

102 597 224 660 nomine
254 595 427 680 petalorum
452 552 558 664 liet„
587 591 774 676 designavit,
809 594 921 655 mirum
946 595 1092 676 omnino,

102 712 309 775 characterem
342 711 517 792 genericum
546 713 773 771 Linnaeanum
804 707 1092 790 quoadeasentiant

103 847 121 887 a
147 826 251 888 multis
272 824 448 886 auctoribus
468 823 559 885 bona
581 821 647 906 ,fide
677 843 743 884 esse
770 824 996 905 transcriptum.
1029 819 1091 906 (cf.

103 941 320 1002 Schlcuhrium
329 957 342 1016 ,·
365 913 588 1003 ,Goertneruus
610 951 668 998 etc.
699 953 756 999 etc.
791 953 824 999 et
848 937 929 998 iuter
954 956 1091 1017 nuperos

17 1115 22 1125 ,
108 1046 489 1141 Gaudiniumnqnoque).
547 1051 663 1113 Mirum
687 1073 812 1134 quoqne
841 1065 981 1111 auctores
1001 1050 1094 1111 bota·

106 1167 373 1251 nicos1plereeque
394 1168 426 1232 in
449 1187 486 1226 eo
503 1164 686 1241 convenire,
717 1165 958 1244 Syngeners'am
981 1184 1094 1223 monos

103 1285 251 1358 gantiam
290 1283 418 1346 Ltnutttt
459 1300 526 1340 esse
557 1276 742 1356 delendam,
791 1298 963 1360 generaque
1009 1279 1093 1339 inter
1154 1298 1157 1303 ·

100 1396 235 1477 reliquas
259 1396 369 1460 classes
391 1392 609 1457 distribuenda.
664 1393 834 1468 Systemata
857 1391 1019 1452 artificialia
1045 1390 1093 1452 in-

102 1509 241 1568 serviunt
267 1507 440 1569 nominibus
467 1508 640 1589 plantarum
671 1503 929 1583 determinandis,
962 1519 1015 1582 et,
1045 1505 1093 1568 siu

101 1621 190 1682 aliter
209 1621 349 1683 volumus
380 1622 540 1685 utilitatem
565 1617 718 1704 quandam
736 1618 868 1697 alferre,
896 1619 1093 1700 exceptiones

100 1739 212 1797 nullae
233 1749 306 1797 sunt
326 1734 515 1797 statuendae.
557 1736 590 1797 si
610 1753 706 1815 genus
726 1730 883 1814 quoddam
901 1733 1018 1813 species
1034 1731 1093 1794 ob·-

102 1848 165 1908 sert
181 1847 355 1909 tetrandras
370 1849 636 1930 pentandrasque,
658 1847 801 1928 priores,
820 1856 948 1905 servato
968 1846 1092 1908 nomine

104 1961 248 2042 generice
272 1959 304 2022 in
328 1959 564 2040 Tetrandriam,
598 1960 802 2043 posteriores,
834 1959 947 2021 iterum
970 1973 1092 2022 servato

101 2075 226 2137 nomine
237 2117 247 2153 ,
265 2075 297 2136 in
316 2072 535 2137 Pentandrtam
553 2088 625 2136 sunt
645 2072 836 2135 collocandae
858 2108 900 2123 -
919 2072 946 2133 si
975 2074 1092 2154 species

102 2187 253 2269 quaedam
272 2169 368 2247 rariat
382 2207 513 2249 numero
533 2169 682 2270 partium,
701 2191 732 2249 in
750 2203 797 2251 tot
817 2187 961 2249 classibus
974 2188 1093 2250 ordini-

83 2301 223 2382 busque
252 2300 460 2383 recensenda,
499 2315 577 2382 quot
606 2301 710 2361 obsert
744 2301 931 2361 variationes.
992 2302 1094 2365 Hodie

102 2414 249 2476 habemus
258 2429 390 2492 systema
403 2413 567 2491 artificiale,
589 2434 690 2496 neque
702 2414 866 2494 artificiale,
885 2436 987 2516 nequq
1002 2433 1095 2481 natu-

102 2530 184 2606 rale,
219 2527 297 2588 hanc
320 2525 362 2588 ob
387 2546 455 2588 rem
475 2527 594 2589 nullum
623 2543 676 2589 aut
699 2527 806 2589 saltem
826 2527 1004 2592 absurdum.
1059 2535 1094 2596 Si

103 2643 220 2705 Natura
248 2661 316 2703 sese
341 2639 486 2703 classibus
507 2642 677 2721 systematis
702 2642 830 2703 sexualis
856 2664 920 2705 non
951 2644 1094 2727 adaptat,

103 2756 214 2819 classes
238 2756 373 2818 Naturae
390 2752 579 2838 adaptemus.
597 2793 638 2807 -

162 2871 322 2932 Mittamus
349 2883 453 2931 autem
479 2885 642 2949 systemata
677 2885 709 2932 et
742 2868 782 2930 ad
811 2873 1096 2936 Balsaminearum

104 2981 239 3058 calyoem
259 2980 431 3042 redeamus.
481 2982 621 3046 Vidimus
643 3003 715 3043 eum
741 2983 885 3044 constitui
910 2999 963 3047 aut
985 2986 1093 3068 sepelis

104 3094 242 3178 quinque
266 3091 353 3154 valde
375 3093 600 3175 inaequalibus,
622 3110 675 3157 aut
695 3116 820 3176 quoque
843 3098 950 3177 sepelis
973 3100 1094 3180 tribus,

104 3228 203 3289 aeque
218 3205 436 3288 inaequalibus.
459 3208 532 3268 Duo
552 3209 724 3291 sepalorum
741 3210 855 3288 trium,
880 3233 958 3293 quae
977 3230 1094 3278 restant

105 3319 337 3398 consideranda,
361 3319 439 3382 loliis
454 3323 609 3386 floralibus
622 3326 748 3409 reliquis
761 3326 901 3407 minora,
921 3327 1028 3391 viridia
1041 3345 1095 3392 aut

107 3433 306 3511 virescentia,
327 3431 425 3495 latera
444 3434 585 3500 obtinent
604 3439 706 3518 floris,
735 3460 868 3521 eumque
885 3441 990 3522 primis
1014 3443 1093 3505 vitae

107 3544 210 3607 stadiis
227 3567 286 3628 pro
305 3546 421 3608 viribus
440 3550 606 3615 involvunt.
641 3553 784 3630 Magnam
805 3552 887 3612 inter
901 3552 976 3613 haec
993 3557 1094 3637 sepale

108 3663 457 3737 Fumariacearumque
474 3664 605 3742 calycem
623 3663 790 3744 disepalum
810 3665 1002 3729 intercedere
1029 3669 1094 3730 sora·

102 3794 169 3833 mae
186 3773 414 3857 functionisque
433 3775 678 3855 similitudinem,
708 3778 816 3840 infitias
840 3781 877 3841 iri
898 3803 960 3842 non
978 3798 1090 3864 potest.

103 3885 246 3968 Sepalum
267 3889 394 3951 tertium
414 3910 558 3970 magnum
578 3905 626 3953 est
648 3892 888 3976 muneribusque
908 3904 1091 3977 protectoris

103 3999 211 4063 melius
237 4000 398 4084 iungitur,
425 4003 514 4068 simul
534 4006 640 4070 calcari
659 4028 771 4091 magno
788 4010 926 4146 5¹¹⁸}3002
941 4034 1010 4098 quo
1031 4015 1090 4076 cal·
