2604 4688
534 339 748 453 ‘um-

145 592 166 630 „
180 543 256 614 ‘'dae.
278 547 424 612 Radicula
440 549 632 630 brevissima,
653 553 701 612 vix
720 555 905 636 perspicua,
926 548 1143 632 obtusissima,

147 708 164 745 „
185 667 281 728 hilum
298 682 448 749 spectans.
477 667 618 731 Plumula
636 666 755 747 brevis,
782 665 1140 749 emarginato-biloba.”

209 782 349 857 „Herba
365 800 482 857 annua,
504 795 623 859 erecta,
645 783 735 843 ramis
752 783 874 843 alternis
895 779 1045 863 cauleque
1074 801 1143 843 car-

148 935 165 973 „
185 896 277 957 nosis.
318 895 403 956 Folia
431 894 567 973 alterna,
597 893 733 957 breviter
761 886 927 977 petiolata,
954 879 1141 974 lanceolata,

147 1050 165 1088 „
186 1011 372 1092 pectinervia
382 1052 395 1084 ,
415 1023 523 1090 argute
550 1005 691 1088 dentata,
711 1010 817 1092 petioli
843 1024 978 1093 utroque
996 991 1142 1091 ¹margine

135 1132 163 1202 3‘„
185 1122 334 1205 glandulis
353 1121 607 1204 cnpnliformibus
626 1123 825 1206 substipitatis
842 1116 993 1188 instructi.
1035 1124 1143 1206 Stipn·

132 1216 165 1312 ⁵„
186 1235 232 1295 lae
257 1237 366 1297 nullae.
420 1234 594 1299 Peduncnli
623 1236 764 1315 unillori,
800 1239 958 1317 axillares,
993 1236 1143 1316 solitarii,

145 1388 163 1426 „
186 1350 297 1430 gemini
310 1350 358 1412 vel
376 1352 464 1430 terni,
485 1349 550 1425 basi
563 1348 718 1411 bracteola
732 1372 825 1433 parva
841 1353 991 1414 instructi.
1033 1350 1144 1413 Flores

133 1440 165 1542 i„
187 1483 250 1526 uon
271 1466 456 1548 resupinati,
478 1465 555 1543 albi,
576 1466 685 1544 rosei,
699 1465 822 1526 violacei
847 1465 895 1528 vel
915 1465 1072 1548 variegati.
1084 1469 1103 1495 ”

207 1769 384 1850 „Superest
405 1784 441 1830 ut
465 1769 565 1851 aliqua
589 1766 688 1829 dicam
712 1765 752 1828 de
772 1771 951 1851 quaestione
971 1788 1010 1830 an
1026 1764 1138 1850 Impa-

148 1920 165 1958 „
187 1887 271 1943 tiens
287 1882 428 1944 familiam
450 1884 617 1944 constituet
634 1883 811 1964 propriam,
833 1902 871 1943 an
893 1903 966 1944 vero
988 1903 1055 1951 uua,
1071 1905 1145 1947 cnm

145 2034 162 2072 „
186 1999 365 2075 Tropaeolo
391 2013 422 2058 et
439 2000 578 2059 Oxalide
601 1999 874 2060 Geraniacearum
896 1996 1026 2059 familiae
1052 2013 1085 2062 et
1112 2000 1145 2060 in

124 2103 163 2184 '„
184 2123 344 2188 posterum
365 2133 490 2194 quoquc
513 2110 715 2173 adscribenda
735 2111 795 2171 sit?
835 2112 872 2170 In
895 2110 975 2173 libro
995 2113 1046 2172 cui
1068 2113 1145 2175 titu-

147 2259 166 2298 „
187 2221 251 2282 lus:
282 2227 376 2288 Nova
404 2229 530 2287 Genera
552 2225 706 2308 judicavi,
738 2224 941 2306 posteriorem
960 2224 1145 2288 methodum

147 2378 165 2415 „
187 2357 253 2399 csse
273 2340 437 2421 potiorem,
454 2357 485 2402 et
506 2342 603 2402 serius
618 2339 723 2423 judice
735 2335 924 2420 ¹peritissimo
946 2340 1088 2402 Aueusro
1102 2361 1142 2400 nn

145 2491 162 2530 „
183 2453 420 2515 Satur-Brutina
444 2453 594 2536 judicium
615 2474 718 2515 meum
739 2454 888 2543 sancitum
902 2452 972 2527 vidi,
1025 2456 1135 2517 Fateor

1 2602 32 2659 39·
47 2599 118 2655 389.)
147 2606 163 2643 „
185 2565 329 2648 equidem
348 2567 422 2652 haec
447 2569 505 2628 tria
526 2590 637 2650 genera
656 2571 737 2631 inter
755 2582 787 2628 et
808 2571 1026 2633 Geraniacecs
1045 2587 1144 2651 verat,

149 2676 469 2761 „(Pelargoninm,
498 2688 696 2760 Geraninm,
724 2684 902 2760 Erodium,
930 2686 1148 2750 Monsoniam

149 2836 167 2872 „
190 2810 225 2856 et
251 2799 474 2876 Cistocarpum
502 2820 520 2857 a
541 2797 652 2879 quibus
679 2800 928 2877 Rtynctotneca
956 2797 996 2858 R.
1016 2808 1048 2854 et
1064 2796 1144 2854 Ptv.

148 2907 298 2986 „eodem
317 2911 388 2991 juro
411 2909 619 2991 sejungenda,
653 2910 782 2988 familiae
807 2929 902 2969 novae
927 2924 1036 2991 typum
1056 2906 1148 2971 exhi-

148 3065 166 3103 „
186 3019 288 3105 bens,)
311 3024 503 3101 intercedere
514 3040 687 3086 structurae
706 3023 896 3084 differentias
912 3023 1051 3084 facillime
1070 3043 1150 3084 con-

149 3178 166 3217 „
189 3140 328 3222 spicuas,
351 3155 457 3200 contra
475 3155 596 3218 autem,
618 3159 715 3223 quum
735 3157 841 3198 omnes
863 3136 917 3196 has
936 3137 1055 3219 plantas
1073 3136 1151 3198 che-

149 3294 167 3332 „
189 3253 360 3314 racteribus
387 3255 489 3316 multis
520 3269 552 3315 ct
580 3252 768 3336 gravioribus
796 3251 918 3333 junctas
944 3249 1082 3330 videam,
1116 3265 1151 3313 et

149 3409 167 3446 „
189 3388 286 3451 quum
305 3368 409 3450 plures
432 3368 504 3427 aliae
526 3368 654 3428 familiae
676 3367 829 3428 naturales
852 3366 1027 3449 plantarum
1047 3387 1065 3426 e
1087 3365 1150 3426 bo-

149 3524 166 3562 „
188 3483 293 3544 tanicis
312 3483 448 3564 integrae
459 3496 605 3561 servatae,
620 3502 721 3563 neque
742 3479 872 3541 ulterius
892 3477 1017 3558 divisae,
1030 3455 1148 3560 genera

49 3606 52 3612 '
151 3636 168 3675 „
191 3599 383 3678 contineant,
406 3596 634 3659 characteribus
656 3592 795 3678 ejusdem
819 3593 967 3655 momenti
991 3592 1149 3674 distincta,

205 3851 234 3905 1)
256 3851 340 3898 Genus
357 3855 498 3908 tiatocarpum
521 3851 583 3897 mihi
600 3849 702 3896 omniuo
717 3850 844 3908 ignotum,
866 3859 945 3905 neque
961 3847 986 3907 iu
1002 3846 1056 3893 ullo
1073 3847 1149 3893 libro·

152 3942 207 3976 rum
221 3930 263 3989 qui
278 3940 413 3989 suppetunt
435 3931 481 3976 hoc
499 3944 587 3976 nomen
608 3928 700 3975 inveni.
732 3931 860 3977 caeterum
881 3937 956 3984 quum
979 3925 1149 3995 KUNTlllllS

110 4039 113 4046 ·
152 4022 228 4070 genus
240 4012 307 4059 istud
318 4010 383 4060 inter
398 4009 541 4060 Geraniaceas
556 4023 616 4058 veras
627 4019 759 4067 enutrisset,
774 4007 857 4054 nullus
868 4005 953 4053 dubito
966 4005 1027 4064 quin
1037 4004 1095 4053 talis
1107 4005 1148 4052 sit.
