2604 4688
644 389 845 460 -44—

251 560 326 627 bor·
344 542 487 623 videntur
504 557 717 640 Tropoeolum
734 556 767 617 in
783 552 876 621 limito
897 554 984 638 qnasi
999 565 1082 616 ctare
1100 536 1255 635 classium*

253 677 525 737 Geraniarearum
541 686 595 734 aut
609 673 908 752 Sapindocearum,
929 669 1042 731 habitu¹
1054 667 1158 731 forsan
1182 673 1244 731 Pe·

247 816 786 848 nam

252 916 361 972 tionem,
373 929 433 976 >qua
447 914 606 966 confirmatur
619 913 812 972 ingeniosissimi
826 911 933 961 botanici
955 913 1098 962 ROBERTI
1118 911 1244 962 BROWN

252 996 346 1044 tbeoria
359 999 389 1044 de
397 996 542 1053 l'oiygalarum
549 993 618 1044 flore.
635 995 665 1041 In
673 997 698 1041 P.
705 990 850 1054 oppositlfob‘a
857 990 1006 1052 cordrfob'aqoc
1013 994 1043 1058 ad
1051 992 1122 1038 basin
1130 991 1185 1039 tubi
1195 1005 1244 1037 uno

250 1077 329 1126 latere
343 1074 409 1131 fissi,
430 1073 473 1133 qui
490 1073 623 1124 staminum
637 1081 661 1121 et
675 1072 813 1129 petalornm
828 1071 961 1118 coalitione
974 1070 1126 1126 efformatum
1143 1071 1244 1129 gibbera

251 1155 302 1200 dno
316 1153 384 1209 vidi,
408 1154 539 1200 admodum
553 1165 629 1210 parva
643 1152 759 1209 quidem,
783 1151 808 1199 in
829 1151 890 1201 flore
904 1152 961 1199 vivo
976 1161 1059 1212 tamen
1073 1151 1170 1208 optime
1188 1162 1245 1195 con·

251 1231 345 1289 spicua·
364 1233 431 1280 llaec
446 1232 545 1291 gibbera
560 1229 766 1288 squamaeformia
779 1231 815 1278 ibi
829 1231 977 1286 invenimus,
991 1229 1034 1277 ubi
1048 1229 1159 1288 petalum
1174 1241 1245 1286 quar·

251 1318 306 1357 tum
320 1317 344 1356 et
361 1311 476 1369 quintum⁴
488 1310 671 1364 desiderantur,
696 1310 762 1356 inter
776 1309 841 1357 folia
855 1309 965 1368 calycirra
979 1312 1028 1356 duo
1042 1308 1163 1356 interiora
1177 1316 1245 1364 peto·

250 1388 333 1435 loidea
353 1388 488 1443 nimirum,
512 1398 538 1437 et
558 1391 607 1435 duo
628 1389 750 1436 exteriora
770 1387 881 1444 minora,
905 1387 1074 1446 peripheriam
1095 1386 1244 1444 spectantia.

250 1467 393 1515 Petalorum
406 1468 558 1522 maximum,
576 1466 766 1524 carinaeiorme,
784 1467 883 1525 saepius
896 1469 973 1516 orista
986 1466 1061 1514 bifida
1077 1466 1244 1520 instructum,

250 1547 316 1593 luter
328 1545 390 1593 folia
404 1547 515 1604 calyrina
528 1546 626 1592 minora
640 1547 761 1595 exteriora
774 1546 902 1604 positum
927 1552 1062 1602 sequuntur
1077 1544 1144 1592 inter
1159 1545 1245 1597 eadem

252 1632 278 1670 et
288 1621 349 1670 lolia
359 1623 469 1680 calyoina
479 1623 596 1671 interiora
606 1625 746 1681 petaloidea
756 1626 856 1682 gibbera
868 1625 930 1678 dno,
944 1625 1081 1681 petalorum
1094 1622 1245 1677 rudimenta,

250 1709 277 1748 et
290 1701 395 1758 denique
409 1701 474 1749 inter
487 1705 572 1750 eadem
585 1701 649 1749 folia
662 1701 904 1759 calycinainreriora
919 1709 944 1748 et
959 1702 1108 1748 exteriorum
1123 1700 1246 1756 tertium,

251 1780 318 1836 quod
331 1779 427 1826 caulem
441 1788 549 1838 spectat,
572 1781 672 1827 intubo
687 1781 808 1828 corolliuo
829 1779 887 1827 bina
907 1782 990 1839 petala
1010 1779 1142 1836 videmus,
1165 1779 1247 1841 magis

251 1856 399 1913 efformata,
422 1858 519 1917 saepius
535 1857 617 1906 bifida.
631 1882 660 1898 -
676 1860 763 1907 Eidem
777 1857 840 1905 folio
856 1859 966 1916 calyolno
980 1857 1086 1913 minori,
1108 1858 1246 1913 exteriori,

251 1936 340 1984 maura
353 1937 406 1984 tubi
421 1936 536 1983 corolllui
551 1937 690 1995 anteposita
702 1946 747 1987 est.
771 1938 800 1984 In
812 1950 885 1996 quam
899 1936 1011 1984 fissuram
1026 1937 1143 1994 glandula
1158 1937 1247 1984 demit·

250 2015 328 2069 titur,
354 2016 422 2063 diseo
445 2017 574 2074 hypogyno
595 2015 636 2062 hio
656 2025 728 2063 aucto
748 2025 811 2064 orta.
842 2019 894 2072 Qua
911 2017 1028 2073 glandula
1044 2016 1170 2064 indicatur
1189 2029 1247 2073 sup.

247 2093 354 2150 pressio,
366 2101 409 2140 aut
417 2093 528 2140 staminis
539 2094 641 2152 singuli,
657 2092 793 2150 (siquidem
804 2095 910 2141 stamina
919 2096 1008 2153 petalis
1018 2107 1121 2142 numero
1132 2097 1246 2154 aequalia

250 2169 296 2223 (6)
309 2170 389 2217 bifida
401 2175 531 2219 statuenda
547 2178 620 2226 sunt)
639 2182 682 2220 aut
695 2173 829 2221 staminum
844 2173 956 2228 duorum,
972 2172 994 2220 ri
1011 2176 1122 2230 polygala«
1134 2175 1246 2223 stamini·

250 2251 297 2297 bue
317 2251 400 2298 decem
414 2250 570 2311 simplicibus
588 2251 714 2299 fruuntur.
738 2275 768 2290 -
792 2251 904 2301 Stamina
925 2260 1008 2300 autem
1030 2253 1105 2301 biiida
1128 2268 1181 2304 esse
1202 2269 1244 2302 neo

250 2327 393 2386 simplicia,
418 2340 469 2379 tam
491 2343 504 2378 e
523 2330 614 2388 petalis
627 2329 709 2377 bifidis
726 2330 766 2377 vel
781 2330 856 2377 crista
876 2329 967 2389 bifida,
992 2343 1065 2389 quam
1082 2346 1094 2379 e
1111 2334 1243 2381 staminum

240 2407 361 2466 >ipsorum
385 2409 562 2456 intortionibus
587 2410 653 2456 baud
682 2409 845 2467 improbabile
870 2410 988 2458 redditur.
1023 2435 1052 2451 ,.
1092 2414 1241 2470 Legumimu

249 2496 348 2544 praeter
367 2488 459 2534 multos
476 2487 539 2534 alios
561 2488 712 2535 characteres
729 2487 756 2537 in
776 2501 805 2536 eo
823 2502 919 2547 quoque
937 2494 956 2536 ‘a
976 2490 1091 2549 Pobgaleir
1110 2490 1241 2542 differunt,

251 2567 319 2622 quod
332 2565 441 2623 petalum
455 2565 605 2623 maximum,
623 2565 768 2622 ,uexillum
791 2568 941 2627 Polygaiarum
966 2568 1064 2616 carinae
1089 2570 1244 2627 analogum,

251 2645 349 2692 caulem
374 2653 476 2701 spectat.
518 2646 579 2692 Cum
604 2654 686 2693 entem
707 2655 732 2693 et
754 2647 780 2693 in
804 2647 950 2704 Leguminosis
971 2648 1054 2704 petala
1077 2661 1133 2693 cum
1155 2647 1246 2706 calycis

249 2722 320 2771 loliis
343 2724 481 2779 alternent,
508 2724 647 2771 necessario
667 2726 778 2782 seqnitur
801 2723 918 2772 foliorum
940 2725 1107 2783 calycinorum
1130 2725 1244 2783 quintum

247 2802 413 2862 peripheriam
423 2801 535 2856 (ratione
548 2802 633 2850 habita
646 2803 751 2859 caulis,l
766 2805 940 2869 spectarest‘ft-
949 2805 1018 2859 Quod
1033 2804 1244 2852 infloresceutiam

250 2882 411 2938 Polygaieanon
431 2881 538 2936 attinet,
563 2880 707 2937 plerumque
722 2881 820 2939 quidem
833 2896 961 2930 racemosa
982 2893 1035 2941 est,
1064 2894 1172 2932 attamen
1193 2897 1246 2930 non

248 2972 356 3018 semper.
385 2960 518 3016 Corymbus
539 2958 565 3005 in
586 2971 674 3016 genere
696 2961 799 3020 Priygaia
811 2962 866 3018 ipso
881 2959 996 3019 frequens
1011 2965 1125 3009 occurrit.
1155 2962 1245 3010 Nescio

249 3050 410 3095 enumquam
422 3037 536 3094 panicula
546 3051 604 3085 vero
613 3038 687 3095 adsit,
702 3039 815 3087 lubenter
826 3049 906 3087 tamen
917 3041 1073 3095 crediderim,
1088 3053 1163 3098 quum
1172 3040 1246 3089 dores

251 3122 367 3175 semper?
382 3118 433 3165 sint
444 3118 610 3173 tribractcati‚
626 3127 654 3166 ut
664 3119 883 3175 dicuntauctores,
901 3121 947 3166 hoc
960 3130 1005 3176 est,
1021 3132 1095 3177 quum
1107 3122 1246 3177 pedunculo

251 3195 337 3253 lintis,
355 3198 451 3245 bractea
465 3211 508 3244 sua
523 3187 635 3253 munito,
650 3197 774 3246 insideant
788 3199 877 3245 foliola
892 3199 949 3254 duc,
964 3197 1087 3256 opposita,
1103 3199 1130 3244 in
1145 3199 1248 3260 Polygola

247 3288 376 3332 uunquam
394 3276 478 3324 axillis
493 3275 565 3324 flores
583 3277 708 3333 foventia,
733 3286 853 3326 ettamen
868 3289 913 3332 pro
933 3277 1031 3324 indiciis
1050 3275 1246 3325 indurescentiae

250 3355 408 3414 particulatae
421 3355 540 3401 habenda.
568 3356 647 3403 Doleo
661 3368 701 3402 mo
715 3360 880 3414 comespemata
893 3368 942 3402 non
958 3369 987 3402 ex
1002 3358 1116 3413 autopsia
1130 3369 1247 3413 noscere,

250 3447 308 3480 narn
321 3447 350 3482 en
362 3432 474 3481 iconibus
485 3446 547 3492 quae
566 3444 664 3483 exstant
673 3434 810 3493 specierum
825 3433 960 3489 Brasiliae,
975 3434 1084 3488 iudicare
1096 3448 1145 3482 non
1158 3437 1247 3490 audeo,

247 3527 309 3560 num
322 3513 438 3571 panicula
451 3512 563 3572 legitima
578 3513 660 3569 adsit,
686 3523 711 3562 et
730 3513 983 3560 LABILLAiilllERll
1007 3517 1110 3572 specimen
1124 3510 1174 3562 noo.
1189 3515 1245 3564 Heli·

249 3605 301 3640 non
325 3593 450 3649 possideo.
478 3594 625 3651 Plerumque
647 3594 673 3640 in
695 3593 808 3640 iconibus
827 3590 1021 3638 indurescentiae
1045 3593 1111 3640 male
1136 3602 1247 3641 tractan-

246 3680 298 3720 tur.
327 3669 366 3718 Sic
390 3672 497 3728 exempli
519 3671 598 3731 gratia
622 3686 651 3720 err
675 3672 787 3720 iconibus
808 3673 976 3730 fomespermatir
1002 3672 1128 3718 Kenchreai
1145 3682 1171 3720 et
1183 3674 1248 3732 flori·

215 3734 218 3749 ’
249 3750 316 3798 hodi
333 3744 397 3806 (flor.
408 3751 468 3795 Broc.
485 3765 537 3797 mer.
555 3751 634 3800 Tabb.
648 3749 676 3797 lo
691 3759 716 3798 et
731 3750 774 3804 91)
790 3752 914 3807 prodiret,
933 3749 1004 3796 flores
1020 3763 1072 3797 esse
1087 3753 1247 3804 terminales,

192 3854 195 3858 Α
250 3839 303 3878 tam
316 3828 343 3874 in
359 3828 477 3879 ramulis.
499 3842 572 3887 quant
588 3830 614 3876 in
632 3843 677 3878 atre
695 3830 830 3888 primario,
850 3841 875 3876 et
891 3827 1052 3875 nihilominus
1067 3838 1148 3876 tamen
1164 3831 1246 3877 evolu-

251 3908 346 3973 tionem
366 3909 535 3967 centripetam.
564 3908 603 3954 Sio
624 3921 654 3955 ex
678 3908 749 3954 icone
771 3911 884 3967 Polygalae
903 3908 1006 3954 iricotder
1032 3909 1068 3957 (l-
1083 3922 1105 3955 c.
1121 3909 1174 3955 Tab
1199 3909 1246 3962 88)

251 3986 343 4034 racemi
355 3985 469 4035 axillares
479 3997 569 4044 essent,
579 3999 656 4046 utque
667 3988 859 4042 extruarrillorer,
871 3988 907 4035 nrl
920 3994 1000 4034 tomen
1011 3985 1057 4033 rite
1065 3987 1248 4046 descripserunt
