2626 4688
618 434 740 498 ..0'42
779 468 821 488 .-

223 596 287 659 cari
305 595 367 659 slve
392 612 488 659 cornu
504 593 613 679 procul
639 595 733 660 dubio
751 594 904 662 indicatur
920 594 1058 680 ejusdem
1074 594 1211 680 analogia

175 757 177 760 .
224 732 296 773 cum
316 710 417 793 sepalo
435 711 545 794 quinto
567 710 713 773 calcaratc
736 715 925 790 Pelargcnii
944 709 1109 795 laciniaque
1129 711 1212 790 caly-

224 823 291 883 cina
308 821 453 884 calcarata
467 826 647 902 Tropaecli.
668 825 859 886 Positionem
872 823 1026 908 relativam
1036 823 1213 907 sepulcrum

223 949 257 997 et
276 935 462 1017 reliquarum
476 936 608 1017 partium
625 938 708 998 floris
724 939 788 1020 jam
809 940 991 1020 consignavi,
1013 937 1062 998 hic
1087 950 1212 1018 autem,

223 1069 321 1130 quum
344 1048 429 1110 locus
454 1047 583 1110 idoneus
605 1049 745 1130 videtur,
777 1054 1002 1116 aestivationem
1023 1049 1214 1112 floris-indi-

223 1160 319 1240 cabo,
341 1182 419 1244 quaa
442 1163 473 1223 in
494 1166 686 1242 Impatiente
708 1164 816 1227 melius
836 1165 959 1227 videtur
983 1184 1017 1224 ac
1040 1161 1071 1224 in
1092 1165 1213 1225 Balsa·

223 1279 333 1351 miae,
355 1289 496 1358 utquam
519 1275 626 1338 nullibi
643 1280 812 1342 accuratius
833 1277 1017 1362 descriptam
1038 1278 1148 1342 inveni.

283 1390 436 1472 Margines
452 1391 625 1473 sepulcrum
647 1389 781 1454 duorum
803 1395 987 1454 extimarum
1002 1393 1109 1476 primis
1130 1390 1213 1461 ritae

222 1500 328 1564 stadiis
344 1504 505 1584 contiguos
519 1502 597 1583 vidi,
618 1503 688 1565 hinc
709 1504 900 1566 solummodo
920 1504 1037 1566 hiantes
1059 1518 1096 1566 ut
1112 1502 1213 1565 calcar

223 1618 379 1694 emittant3
393 1611 703 1701 (aestivatiov'alvata).
724 1621 888 1682 Mucrones
897 1617 1071 1700 sepalcrum
1079 1618 1214 1680 istorum

222 1749 286 1792 non
308 1730 439 1792 invicem
457 1729 597 1812 applicati
620 1746 709 1811 sunt,
735 1733 838 1815 potius
866 1753 927 1792 una
948 1753 1018 1793 cum
1038 1729 1215 1813 sepulcrum

157 1877 159 1882 ·
223 1843 359 1927 apicibus
381 1844 467 1926 quasi
484 1846 628 1907 contorti.
682 1843 800 1907 Ablatis
820 1847 928 1928 sepalis
947 1845 1064 1907 extimis
1084 1857 1215 1926 apparet

222 1957 359 2040 sepalum
380 1956 561 2018 calcaratum
586 1955 672 2040 quod
695 1958 889 2020 aestinatione
903 1959 935 2019 in
954 1955 1104 2017 alabastro
1123 1957 1214 2039 quasi
1288 1979 1293 1991 ⁹

222 2072 351 2154 equitat,
371 2069 559 2152 marginibus
575 2081 676 2131 tamen
692 2071 742 2131 vix
755 2091 891 2154 unquam
908 2071 1030 2154 penitus
1048 2070 1212 2149 contiguis.

221 2185 326 2248 Prima
345 2183 409 2267 jam
432 2182 572 2244 alabastri
599 2196 696 2244 astate
718 2182 803 2246 hiant
825 2185 978 2266 margines
1001 2183 1093 2266 sepali
1113 2183 1220 2250 calca-x

221 2301 300 2379 rati,
332 2313 364 2361 et
384 2312 509 2381 apparet
538 2295 672 2381 petalum
700 2295 831 2359 liberum
855 2299 1100 2376 symonicum,
1131 2318 1213 2372 cum

221 2434 370 2476 mucrone
395 2411 553 2474 terminali.
584 2408 661 2493 (ln
686 2414 878 2473 Balsamina
902 2415 1047 2472 hortensi
1070 2408 1214 2474 alabastri

219 2528 358 2610 juniores
382 2523 488 2586 habitu
514 2526 627 2585 Astaca·
640 2527 818 2599 fluviatilis
836 2524 952 2584 chelam
974 2544 1036 2585 ncn
1057 2523 1134 2585 male
1159 2545 1214 2586 re-

221 2633 362 2720 ·ierunt.)
413 2640 527 2699 Demto
554 2636 656 2720 sepalc
686 2636 833 2700 calcarato
862 2636 1046 2698 alabastrum
1071 2635 1211 2698 videmus

222 2753 352 2817 maxima
373 2771 390 2812 e
410 2765 497 2834 parte
521 2771 538 2810 a
557 2749 658 2832 petalo
682 2749 780 2810 libero
798 2750 992 2827 symmetricc
1020 2748 1205 2812 obvolutum.

218 2869 317 2930 'batus
340 2862 483 2924 dextrum
512 2861 604 2944 hujus
626 2861 718 2944 petali
749 2857 801 2946 (in
826 2853 1206 2941 Balsaminaaortenst)

221 2976 476 3042 sinistrum'latus
497 2976 613 3058 apicem
632 2995 738 3035 versus
761 2975 918 3057 paululum
941 2975 1068 3058 obtegit.
1115 2977 1211 3037 Peta-

221 3095 324 3156 lorum
339 3091 519 3153 callosorum
535 3090 693 3151 sinistrum
711 3085 754 3172 (in
771 3090 963 3170 Impatiente
978 3093 1046 3152 noli
1061 3082 1210 3171 tangere)

198 3211 303 3268 'circa
325 3206 468 3267 dextrum
490 3203 576 3287 quasi
604 3202 743 3264 volutum
770 3219 818 3264 est
840 3216 871 3263 et
900 3219 1056 3286 postremo
1084 3203 1211 3264 laminae

221 3323 357 3386 minores
387 3315 567 3380 eorumdem
593 3317 766 3401 petalorum
797 3312 1000 3399 (appendices
1029 3309 1211 3397 auctorum)

222 3457 241 3497 a
265 3433 383 3496 laminis
415 3430 580 3514 majoribus
619 3433 742 3492 omnino
774 3429 982 3493 includuntur.
1043 3430 1212 3490 Aestivatio

222 3549 375 3628 corollae,
402 3567 494 3631 quam
516 3543 608 3606 modo
626 3542 791 3626 descripsi,
815 3544 888 3604 mihi
905 3544 1043 3627 proxime
1063 3541 1212 3604 accedere

222 3661 346 3724 videtur
361 3657 400 3720 ad
422 3659 622 3721 aestivationis
641 3679 737 3739 genus
757 3655 842 3739 quod
859 3658 1213 3718 imbricato-contortum

224 3774 349 3854 dicunt,
370 3775 401 3834 in
425 3794 486 3856 quc
504 3772 676 3854 petalorum
694 3791 791 3832 unum
812 3777 935 3832 omnino
957 3772 1090 3832 exterius
1113 3783 1213 3831 estet

224 3911 242 3952 a
265 3889 349 3951 nullo
369 3887 426 3950 alio
449 3887 584 3968 tegitur,
607 3884 681 3945 dum
703 3885 820 3968 reliqua
844 3897 985 3946 contorta
1007 3897 1090 3945 sunt.
1130 3886 1214 3944 Ean-

225 4004 296 4072 dem
317 4003 544 4074 aestivationem
567 4018 797 4082 nonnumquam
822 3999 1018 4071 obseryamus
1041 3999 1072 4063 ia
1095 3996 1215 4060 familiis
