2604 4688
565 421 746 482 ...5-

157 585 255 651 Paulo
283 586 416 645 minores
438 580 565 664 quidem
583 553 769 664 pleruinqua
792 593 885 658 eunt,
919 593 950 641 at
973 592 1150 650 constanter

159 723 209 763 eas
231 697 341 765 eodem
362 696 455 759 modo
476 695 656 758 bildc‘ularcs
674 694 755 773 vidi,
768 708 772 714 '
785 690 957 776 eodemque
972 693 1078 756 modo.
1092 692 1149 754 de·

116 809 119 812 ’
157 813 326 892 bisacutus,
347 833 382 872 ac
404 820 537 872 caeteras
554 823 636 887 tres,
668 829 763 890 quare
784 808 816 869 in
835 808 1150 891 specicanostraiEuff

156 949 285 1011 ropaea,
301 925 346 999 ,ad
360 927 447 1007 cujus
463 939 564 986 tamen
579 923 671 983 flores
685 921 904 995 illustrissimus
916 923 1149 992 Desinemus,

156 1042 365 1102 characterem
390 1043 509 1120 generis
536 1041 741 1115 Impatientis
769 1036 922 1114 exaravit,
962 1031 1053 1118 (vid.⁴
1067 1037 1145 1097 Duc.

148 1161 192 1230 fl.
224 1156 336 1232 franc.
373 1157 476 1231 suppl.
515 1173 546 1232 p.
586 1151 655 1212 629.
690 1151 961 1226 Organogropiiie
977 1190 979 1196 ,
996 1145 1097 1226 vagia
1119 1149 1144 1209 1.

128 1251 129 1254 Ἴ
153 1286 186 1348 p.
212 1265 282 1330 462.
302 1300 343 1314 -
357 1265 382 1326 I.
403 1286 434 1347 p.
454 1256 742 1344 511.)²neutiquam
759 1274 831 1321 suut
849 1259 1037 1321 admittenda
1057 1273 1147 1338 „sta-

125 1380 235 1458 -mina
253 1379 317 1441 duo
338 1379 518 1459 superiora,
548 1377 580 1436 in
604 1364 944 1457 quibusdam'staminis
967 1374 1145 1455 unicipro-
1207 1371 1209 1375 ’
1249 1460 1252 1467 Ι

155 1492 251 1553 funde
273 1492 410 1573 bipartiti
428 1491 530 1551 locum
543 1491 687 1551 tenentia.
698 1494 715 1518 ”
1023 1553 1025 1556 .

106 1581 108 1583 .
215 1608 304 1684 Quae
327 1626 423 1687 quum
446 1607 487 1666 ita
509 1607 586 1684 sint,
618 1618 651 1665 et
674 1607 866 1665 Balsamina
885 1606 1031 1664 hortensi
1050 1603 1143 1670 Desa,

153 1715 368 1802 (Impatiente
378 1723 571 1780 Balsamina
587 1716 702 1796 Lami.)
714 1737 836 1799 semper
850 1717 991 1777 antheras
1004 1718 1146 1798 quinque¹

151 1831 334 1891 biloculaces
349 1832 531 1909 exhibente,
549 1830 625 1890 'nihil
645 1829 719 1890 mihi
740 1829 888 1910 impedire
908 1827 1041 1906 videtur,
1063 1848 1143 1908 quo-

152 1944 253 2006 minus
270 1945 301 2004 in
314 1948 531 2005 Balsamineis
553 1963 703 2024 ponamus
723 1941 904 2004 verticillum
921 1939 1143 2015 stami-nilcrum

153 2049 403 2137 (audrceceum)
430 2077 467 2117 ex
491 2057 611 2137 organis
632 2056 763 2116 foliaceis
788 2055 925 2138 quinque
941 2055 1144 2117 constitutum

153 2163 416 2252 (pentamerum).
453 2169 549 2250 Quod
570 2167 696 2251 quidem
722 2191 760 2229 eo
782 2171 876 2250 magis
896 2167 999 2229 licebit
1009 2209 1030 2246 ‚a
1045 2188 1144 2249 quum

152 2288 377 2347 Balsamincae
394 2283 515 2365 plantae
534 2285 596 2343 sint
615 2281 881 2358 dicotyledoneae‚
913 2296 944 2342 et
964 2283 995 2340 in
1013 2281 1143 2340 hocve-

154 2399 329 2479 getabilium
350 2396 458 2457 ordine
481 2413 628 2455 numerus
646 2394 801 2475 quinarius
818 2394 1071 2475 quasi‘legitimus
1091 2394 1139 2453 sit.

150 2511 263 2573 Fateor
298 2528 461 2569 occurrere
493 2508 524 2567 in
554 2505 792 2585 dicotylctloneis
826 2508 987 2569 verticillos
1021 2483 1143 2567 florales

153 2637 334 2683 tetrameros
360 2618 509 2706 (Gadium
533 2615 614 2702 cet.)
641 2624 799 2700 trimeros‚
825 2619 978 2704 (myris,
1001 2625 1141 2699 Rutula,

152 2741 325 2813 Prieurea,
344 2741 638 2814 Micrantlaemum,
660 2739 804 2799 Tiliaeae
820 2730 888 2819 sp.)
905 2734 1099 2816 dimerosque
1117 2726 1139 2815 1)

150 2989 246 3041 multa,
268 2990 296 3032 de
319 2990 470 3044 gravioribus
485 3000 566 3037 autem
579 2992 615 3038 nil
630 3001 674 3038 aut
687 2992 752 3039 falsa
765 2991 939 3050 proferentem.
968 2992 1045 3046 Quam
1067 2989 1141 3038 aliter

150 3068 253 3112 eandem
270 3066 381 3122 plantam
395 3067 553 3114 absolverunt
570 3068 680 3117 illustres
694 3072 919 3126 scientiaeditores
927 3071 997 3128 florae
1012 3073 1142 3116 Germaniae

150 3145 356 3199 ROEHLINOEI,
373 3145 533 3193 eruditissimi
548 3147 789 3205 ingeniosissimique
800 3149 938 3196 KOCHIUS
955 3159 979 3195 et
994 3147 1140 3193 MERTEN-
1233 3170 1237 3177 ·

150 3222 227 3272 81118.
249 3224 278 3270 1η
294 3224 341 3269 hoc
358 3224 412 3269 solo
427 3225 499 3280 libro,
518 3226 664 3273 Germaniae
678 3228 773 3280 decore.
790 3228 839 3277 (11.
855 3239 880 3284 p.
894 3225 953 3276 276)
970 3227 1059 3272 bonam
1070 3223 1139 3272 floris

151 3301 340 3359 descriptionem
361 3302 464 3359 invem,
495 3305 635 3362 ibidemque
653 3306 774 3363 expressis
786 3305 877 3351 'verbis
892 3305 997 3360 dicitur,
1024 3306 1140 3362 antheras

151 3394 235 3426 omnes
250 3394 301 3428 esse
319 3385 476 3438 aequaleset
490 3385 644 3431 bilcculares.
660 3385 778 3432 Gratulor
793 3384 871 3439 mihi,
890 3385 1054 3431 observationi
1071 3397 1139 3430 meae

151 3469 244 3506 tantam
266 3462 377 3506 accedere
392 3461 579 3518 auctoritatem,
602 3464 758 3521 gratulcrque
773 3463 848 3510 florae
865 3464 975 3522 patriae,
996 3464 1061 3519 quod
1077 3463 1139 3508 tales

151 3541 248 3585 taudem
266 3548 337 3586 nacta
352 3539 385 3587 sit
398 3539 571 3587 illustratores.

206 3619 233 3669 1)
247 3617 275 3664 In
291 3619 422 3666 tractatulo
436 3619 463 3664 de
475 3623 558 3676 manis
568 3621 692 3680 plantarum
706 3620 802 3672 (1523.)
816 3618 888 3666 flores
903 3619 998 3675 aliquot
1011 3621 1140 3667 Tradescar·

149 3698 196 3743 tiae
216 3697 339 3757 virginicae
353 3698 488 3755 descripsi,
512 3701 593 3755 quoad
615 3712 742 3745 numerum
758 3697 865 3753 partium
879 3711 893 3744 a
907 3699 1059 3745 normalibus
1074 3711 1139 3746 rece·

149 3774 249 3827 dentes,
268 3776 397 3822 verticillis
412 3775 528 3822 nimirum
544 3777 667 3835 plerisque
682 3778 781 3824 dimeris
795 3778 934 3833 instructos,
950 3788 1028 3832 neque
1043 3785 1070 3822 ut
1084 3777 1138 3823 Mc·

148 3854 347 3910 rocctyledoneis
362 3857 485 3911 solemne,
503 3857 619 3902 trimeris.
643 3857 744 3903 Fructus
758 3866 839 3903 tamen
856 3857 922 3902 hisce
938 3855 1039 3900 floribus
1052 3859 1138 3904 rrimari

148 3940 227 3978 erasit·
256 3931 341 3979 Mense
360 3936 438 3993 Aprili
451 3949 474 3983 a.
490 3936 649 3992 praeterlapsi
664 3937 691 3981 in
705 3949 801 3982 summu
815 3948 910 3983 racemo
929 3936 1050 3993 Hyacinthi
1069 3938 1137 3984 orien-

148 4011 200 4058 talis
220 4007 306 4058 liorem
325 4013 453 4064 observavi
474 4017 560 4064 eodem
581 4016 655 4064 modo
677 4016 868 4075 depauperatum
888 4013 990 4063 ethim
1002 4013 1136 4064 *li-merum
